3362 5104
588 384 887 488 ¹-25-

213 618 372 662 consensu
392 593 612 670 confirmatur,
640 615 680 657 ex
701 591 847 658 Withofii
870 593 1058 658 coniectura
1079 593 1242 677 reposuit:
1271 593 1349 657 ‘livi-

213 709 292 789 dus’,
310 731 383 773 oum
391 707 550 773 librorum
558 705 729 770 lectionem
741 705 901 769 diversam
912 706 959 770 ita
970 705 1157 789 explicaret,
1175 705 1350 770 utad‘liri-

214 822 282 887 dus'
295 843 406 887 vocem
414 817 651 904 explanandam
663 817 808 883 ‘invidus’
822 816 962 901 glossam
972 817 1007 881 in
1014 817 1160 900 margine
1173 819 1349 903 ascriptam

212 933 313 998 fuisse
326 913 568 1015 ascriptamque
583 929 710 995 librarii
726 949 837 995 errore
850 929 884 994 in
893 933 1080 994 contextum
1094 929 1264 1013 irrepsisse
1283 936 1349 996 sta-

211 1049 328 1112 tueret.
352 1045 457 1123 Quam
470 1043 690 1107 coniecturam
703 1041 765 1107 etsi
776 1025 942 1125 ingeniose
954 1062 993 1106 ac
1009 1041 1172 1124 sagaciter
1186 1043 1349 1126 excogita·

211 1162 281 1221 tam
297 1177 367 1222 esse
381 1153 596 1235 concedimus,
620 1159 657 1219 ut
674 1174 785 1220 veram
798 1154 1036 1238 genuinamque
1049 1152 1185 1219 laudare
1199 1175 1263 1219 non
1275 1177 1349 1238 pos·

212 1289 340 1349 sumus3
362 1288 438 1332 nam
460 1271 693 1352 praeterquam
712 1266 800 1351 quod
825 1267 967 1332 omnium
985 1266 1133 1332 codicum
1152 1269 1349 1333 auctoritate

210 1381 327 1445 nititur
346 1378 444 1444 lectio
461 1378 616 1459 invidus,
639 1384 672 1444 et
686 1378 952 1463 inscriptionibus
967 1378 1002 1443 in
1019 1378 1130 1444 codice
1143 1382 1188 1446 A:
1209 1380 1259 1444 ‘de
1273 1381 1349 1446 Iove

211 1497 245 1557 et
262 1491 380 1576 cupido
400 1495 433 1556 et
446 1490 564 1557 invido'
585 1495 618 1555 et
632 1491 667 1555 in
679 1490 748 1555 cod.
772 1490 813 1556 0:
837 1489 886 1555 ‘de
899 1490 1017 1574 cupido
1030 1495 1063 1555 et
1085 1491 1203 1557 invido'
1220 1497 1349 1558 exstan-

209 1585 436 1670 tibuseadom
458 1603 555 1668 lectio
579 1601 765 1668 defenditur
786 1623 846 1667 nec
860 1603 967 1668 minus
982 1602 1057 1668 inde
1078 1603 1217 1672 fulcrum
1239 1604 1348 1684 habet,

211 1717 299 1800 quod
320 1718 354 1780 in
376 1735 473 1780 versu
494 1714 601 1779 XVIII
622 1715 759 1798 legimus
776 1714 948 1798 scriptum:
971 1715 1186 1800 ‘invidiaeque
1208 1716 1348 1796 malum',

211 1849 410 1913 quamquam
432 1833 536 1892 metro
566 1848 630 1892 non
658 1827 839 1910 respuitur:
867 1826 1052 1910 ‘livorisque
1073 1828 1212 1893 malum!
1258 1830 1347 1908 Quae

209 1941 319 2005 omnia
335 1939 362 2004 si
376 1938 696 2018 consideraverimus,
714 1943 842 2003 tantum
860 1938 974 2018 aberit,
995 1944 1032 2004 ut
1050 1937 1193 2005 Withofii
1207 1941 1255 2005 illi
1273 1963 1348 2006 con·

208 2053 355 2118 iecturae
386 2052 619 2131 assentiamur,
654 2056 691 2116 ut
715 2049 875 2116 librorum
895 2051 1066 2116 lectionem
1087 2052 1170 2118 bene
1193 2059 1347 2136 recteque

209 2186 244 2229 se
271 2162 394 2228 habere
413 2163 698 2246 persuasissimum
719 2161 813 2227 nobis
837 2163 887 2228 sit.

296 2275 409 2359 Neque
440 2274 536 2340 aliter
567 2279 776 2358 comparatus
814 2280 864 2340 est
899 2275 983 2341 alter
1013 2297 1126 2341 versus
1164 2277 1197 2341 in
1234 2276 1347 2342 fabula

209 2386 380 2453 XXXVIII
403 2391 550 2452 exstans:
1112 2458 1115 2468 ¹

312 2521 340 2563 v.
365 2505 401 2564 6:
423 2498 589 2581 verbaque
616 2521 689 2565 oum
713 2499 836 2565 salibus
859 2500 1027 2583 asperiora
1050 2500 1148 2579 dedit,

210 2633 307 2694 quem
327 2611 375 2676 ita
397 2612 577 2676 correxisse
600 2611 663 2677 sibi
685 2611 773 2678 risus
796 2611 1096 2691 estLachmannus,
1121 2617 1157 2678 ut
1179 2633 1238 2696 pro
1262 2613 1346 2678 ‘sali-

207 2723 279 2788 bus'
313 2723 472 2788 scriberet
497 2723 621 2787 ‘salsis'
674 2722 738 2788 Sed
773 2745 838 2788 non
874 2723 980 2812 minus
1017 2745 1115 2807 quam
1145 2746 1184 2789 ea
1212 2725 1252 2789 de
1281 2747 1347 2808 qua

207 2835 305 2899 modo
337 2835 477 2918 egimus,
512 2834 594 2900 haec
625 2836 812 2901 coniectura
843 2836 930 2900 iusta
960 2856 1059 2900 causa
1090 2843 1346 2920 argumentoque

209 2951 317 3027 caret3
340 2952 438 3030 atque
450 2946 513 3011 hoc
525 2967 595 3012 esse
607 2953 753 3013 nostrum
768 2947 926 3027 existimo,
946 2953 991 3027 ut,
1014 2949 1042 3014 si
1059 2949 1139 3013 nihil
1152 2949 1185 3012 in
1198 2949 1346 3015 codicum

206 3058 401 3124 lectionibus
412 3058 612 3142 haerendum
623 3064 680 3138 est,
697 3059 742 3124 nil
750 3059 943 3126 haereamus
955 3083 1035 3126 neve
1047 3062 1089 3126 ad
1101 3067 1249 3128 nostrum
1259 3061 1346 3127 arbi-

206 3171 307 3235 trium
320 3171 487 3253 scriptoris
500 3171 601 3236 verba
613 3171 868 3238 conformemus:
890 3194 929 3237 ac
947 3174 1101 3238 certeilla
1112 3174 1256 3258 syllabae
1271 3174 1345 3240 bre·

205 3282 254 3347 vis
288 3281 504 3366 productione
537 3283 617 3347 nihil
648 3289 697 3348 est
734 3307 792 3350 cur
824 3285 1042 3365 offendamur,
1085 3288 1205 3370 quippe
1246 3308 1343 3369 quam

209 3395 382 3484 quinquies
405 3377 615 3460 acedioibus
643 3397 901 3462 commendatam
921 3397 1129 3462 inveniamus.

293 3505 388 3571 Nunc
416 3505 458 3570 ad
488 3527 544 3572 eos
574 3528 686 3573 versus
714 3514 938 3589 transeamus,
967 3510 1000 3574 in
1032 3509 1151 3592 quibus
1173 3508 1346 3575 verborum

206 3618 460 3702 transpositione
483 3641 561 3685 usus
584 3624 634 3684 est
647 3613 882 3700 Lachmannus,
906 3625 943 3686 ut
961 3621 1052 3686 illam
1069 3622 1176 3686 brevis
1199 3621 1344 3706 syllabae

205 3730 452 3814 productionem
482 3752 522 3795 ex
545 3731 661 3796 Aviani
689 3731 800 3796 libello
828 3738 1018 3800 removeret.
1062 3732 1101 3798 ln
1122 3733 1236 3799 fabula
1259 3736 1344 3798 enim

206 3842 344 3907 XXXIV
367 3863 479 3908 versus
502 3842 531 3907 X
559 3865 631 3909 oum
660 3845 808 3910 codicum
840 3845 983 3911 omnium
1005 3846 1203 3910 auctoritate
1226 3867 1343 3930 suppe-

199 3954 329 4022 ditetur
350 3954 433 4018 haeo
455 3954 569 4020 lectio:

308 4066 505 4149 inpropriis
528 4066 653 4133 laribus
677 4067 812 4133 humida
836 4089 939 4151 grana
960 4067 1048 4152 legit,

204 4177 289 4242 hano
310 4177 449 4242 formam
471 4179 698 4245 Lachmannus
720 4180 880 4246 restituit:

307 4291 340 4356 in
361 4290 486 4356 laribus
506 4292 647 4379 propriis
669 4290 803 4360 humida
825 4313 928 4382 grana
948 4292 1045 4378 legit,
