3362 5104
807 357 1021 420 „40-

433 529 504 592 Iam
526 527 604 592 huic
625 524 784 592 vocabulo
808 524 929 591 addere
946 525 1046 590 liceat
1062 545 1174 591 vocem
1197 524 1344 591 ‘falsitas'
1367 526 1487 610 (praef.

347 647 367 707 6
396 640 473 726 Fa),
496 660 581 723 quae
603 660 676 706 cum
698 639 732 703 in
753 637 890 704 Arnobii
910 636 1004 703 libris
1025 637 1070 722 (p.
1092 642 1142 717 38,
1165 643 1204 718 ὃς
1232 660 1264 722 p.
1287 644 1345 717 92,
1367 645 1402 720 8;
1430 639 1487 703 ali

347 752 397 819 ed
422 749 676 836 Reiferscheid)‚
706 771 788 834 quos
815 750 904 815 circa
932 771 1051 815 annum
1079 749 1345 815 trecentesimum
1372 750 1488 831 edidit,

346 864 524 950 primum²)
545 863 687 948 legatur,
711 861 754 928 ad
774 881 886 926 earum
909 881 1041 941 vocum,
1065 861 1105 926 de
1128 860 1247 945 quibus
1270 859 1487 946 disputamus,

347 975 507 1042 rationem
529 975 676 1061 proxime
706 972 842 1039 accedit.
887 971 937 1038 Ab
967 973 1031 1039 hoc
1053 978 1163 1039 autem
1192 974 1324 1040 rhetore
1346 973 1490 1039 conficta

347 1087 431 1154 haec
452 1109 515 1153 vox
544 1085 703 1174 paulatim
725 1085 844 1170 riguit,
876 1085 997 1170 quippe
1028 1103 1113 1169 quae
1144 1107 1209 1151 non
1228 1086 1277 1151 ita
1295 1107 1373 1152 raro
1398 1087 1489 1172 apud

348 1199 566 1280 Lactantium,
585 1198 801 1278 Ammianum,
825 1195 1029 1263 Macrobium
1051 1197 1244 1263 inveniatur.

434 1310 495 1376 His
516 1310 618 1395 igitur
642 1307 827 1389 vocabulis,
854 1329 940 1393 quae
970 1307 1058 1393 apud
1085 1309 1196 1392 quarti
1224 1311 1395 1394 quintique
1415 1332 1490 1376 sae·

351 1422 416 1490 culi
439 1422 617 1506 scriptores
635 1421 775 1507 primum
797 1420 959 1504 legrmtur,
981 1419 1091 1486 allatis
1106 1426 1313 1487 transeamus
1335 1443 1422 1488 nnnc
1444 1423 1491 1488 ad

347 1533 391 1616 id,
413 1537 451 1600 ut
472 1553 697 1601 enumeremus
713 1553 809 1598 voces
830 1531 873 1598 ab
892 1531 1016 1598 Aviano
1035 1537 1211 1616 usurpatas
1230 1538 1331 1618 atque
1352 1535 1400 1598 eis
1416 1535 1490 1617 qui-

350 1645 424 1713 dem
447 1645 630 1727 sententiis,
665 1665 749 1729 quae
779 1664 800 1709 a
822 1642 932 1727 quarti
961 1645 1131 1728 quintique
1153 1645 1276 1711 saeculi
1297 1645 1491 1711 auctoribus

349 1757 414 1824 illis
440 1757 574 1824 vocibus
596 1757 808 1824 subiciuntur.
854 1755 952 1822 Cuius
975 1757 1023 1822 rei
1045 1757 1228 1841 exemplum
1249 1757 1409 1823 habemus
1432 1779 1490 1823 vo-

352 1890 422 1936 cem
446 1868 581 1936 ‘exosas’
603 1869 637 1934 in
658 1867 790 1935 fabulae
812 1867 953 1934 XXXIII
974 1888 1072 1935 versu
1093 1864 1146 1935 VI'
1160 1873 1358 1935 exstantem:

453 1982 511 2048 sed
534 1980 683 2048 dominus
705 1980 859 2065 cupidum
881 1999 1017 2064 sperans
1040 2001 1215 2046 vanescere
1237 1986 1348 2048 votnm

452 2114 518 2161 non
537 2093 614 2160 tulit
637 2113 753 2160 exosas
775 2092 810 2157 in
832 2112 892 2158 sua
913 2092 1007 2158 lucra
1029 2113 1154 2174 moras3

350 2205 471 2291 quippe
493 2225 577 2291 quae
601 2203 690 2290 apud
716 2204 920 2289 superiorum
941 2208 1125 2288 temporum
1146 2203 1324 2289 scriptores
1346 2205 1490 2270 actimm

350 2317 415 2384 rim
435 2315 573 2397 habeat,
596 2322 634 2384 ut
654 2317 800 2386 declaret
819 2337 902 2397 eum,
924 2317 981 2400 qui
1002 2315 1096 2382 valde
1119 2315 1277 2401 oderit2),
1300 2338 1412 2382 verum
1435 2339 1489 2382 re-

352 2429 495 2496 centiore
513 2449 592 2498 aevo
615 2434 649 2496 et
670 2428 733 2495 hoc
745 2429 862 2494 Aviani
881 2428 954 2494 loco
972 2428 1007 2492 in
1023 2429 1189 2494 notionem
1202 2429 1367 2513 passivam
1380 2429 1490 2511 abeat,

350 2545 388 2607 ut
410 2561 501 2622 eum,
526 2542 583 2625 qui
604 2561 722 2625 magno
744 2541 778 2606 in
800 2540 875 2606 odio
897 2541 955 2620 sit,
986 2539 1154 2624 significet.
1198 2535 1290 2606 Haeo
1312 2545 1422 2606 autem
1445 2542 1489 2606 si-

421 2765 445 2831 1)
465 2763 568 2832 Erant,
592 2765 639 2832 qui
657 2763 739 2820 etiam
757 2763 785 2817 in
804 2763 943 2819 Ciceronis
962 2766 1117 2821 contextum
1137 2763 1198 2832 (pro
1216 2763 1322 2820 cluant.
1340 2766 1372 2832 2,
1392 2767 1418 2833 5)
1437 2764 1492 2820 hoc

351 2848 515 2906 vocobulum
535 2851 705 2920 reciperent,
731 2865 793 2906 cum
819 2866 837 2906 a
862 2849 999 2905 nonnullis
1017 2851 1130 2919 eiusque
1149 2848 1333 2905 deterioribus
1350 2850 1491 2905 codicibus

352 2937 399 2992 ilio
417 2937 478 2992 loco
498 2937 674 3005 exhibeatur;
699 2936 748 2992 sed
774 2937 799 2991 si
826 2937 989 3007 optimorum
1008 2935 1141 2991 librorum
1158 2935 1348 2991 auctoritatem
1367 2939 1491 3004 sequeris

350 3029 434 3094 atque
456 3023 530 3078 illius
555 3025 609 3080 loci
636 3025 663 3078 ia
688 3023 850 3078 sententIam
873 3023 1030 3078 accuratius
1055 3022 1244 3092 inquisitoris,
1270 3022 1338 3076 nibil
1363 3022 1414 3076 tibi
1439 3026 1492 3078 erit

351 3109 480 3178 dubium,
505 3110 570 3180 quia
588 3108 713 3164 ‘falsitas’
731 3126 784 3165 vox
801 3110 829 3164 io
849 3126 909 3166 eum
930 3109 1018 3165 locum
1036 3110 1146 3164 omnino
1164 3123 1219 3163 non
1239 3107 1364 3176 quadret.
1400 3108 1492 3178 Oppo-

351 3195 391 3250 nit
411 3195 481 3250 enim
499 3201 593 3252 orator
611 3195 801 3266 contionibus,
819 3195 847 3251 in
866 3197 980 3266 quibus,
1002 3211 1063 3252 cum
1081 3195 1115 3250 ad
1134 3194 1276 3264 opiniones
1294 3209 1491 3263 sermonesque

352 3282 541 3352 imperitorum
559 3281 673 3337 maxime
690 3282 816 3352 valeant,
841 3282 943 3338 veritas
960 3281 1050 3338 iaceat
1065 3280 1192 3350 falsaque
1210 3280 1312 3336 invidia
1329 3280 1491 3352 dominetur,

351 3365 466 3439 iudicia,
492 3383 621 3438 quorum,
647 3368 773 3436 quomam
798 3384 815 3422 a
839 3368 905 3422 viris
930 3367 1110 3438 prudentibus
1139 3367 1310 3435 habeantur,
1337 3367 1374 3422 sit
1402 3366 1492 3423 falsae

351 3457 468 3514 Invidiae
485 3455 615 3511 resistere
634 3455 728 3522 eisque
748 3454 817 3509 solis
834 3453 918 3510 rebus
936 3454 1001 3522 niti,
1027 3469 1098 3522 quae
1115 3454 1275 3522 exploratae
1293 3453 1349 3507 sint
1365 3455 1491 3522 omnique

352 3543 509 3613 suspicione
534 3545 652 3596 careant
694 3543 786 3609 Atque
811 3541 854 3596 bis
881 3541 969 3597 utitur
992 3541 1087 3595 Cicero
1113 3539 1220 3595 verbis:
1245 3539 1344 3594 etenim
1369 3540 1440 3594 sicut
1463 3542 1492 3595 in

352 3629 414 3687 aliis
432 3629 514 3684 rebus
534 3628 560 3696 (i.
581 3642 604 3681 e.
623 3627 651 3681 in
670 3626 851 3696 contionibus)
869 3643 966 3697 parum
984 3625 1146 3680 firmamenti
1171 3630 1199 3679 et
1216 3640 1313 3693 parum
1331 3625 1426 3679 virium
1446 3642 1492 3680 ve·

352 3717 419 3772 ritas
439 3715 531 3782 habet,
550 3713 591 3768 sIc
608 3715 636 3768 in
652 3713 706 3768 boc
723 3714 784 3768 loco
801 3715 828 3782 (i.
847 3729 871 3768 e.
888 3712 917 3768 in
934 3712 1053 3780 Iudiciis)
1070 3710 1142 3767 falsa
1156 3711 1259 3766 invidia
1277 3710 1415 3766 imbecilla
1432 3728 1492 3768 esse

355 3801 447 3857 debet.
482 3800 567 3856 Vides
581 3800 664 3870 igitur
681 3798 757 3854 nullo
775 3799 853 3854 modo
873 3799 932 3854 fieri
951 3814 1048 3869 posse,
1077 3806 1108 3852 ut
1126 3797 1155 3851 in
1174 3796 1261 3851 locum
1280 3796 1355 3852 verbi
1366 3797 1492 3864 :raritas’

352 3887 476 3943 ‘falsitas’
494 3887 691 3954 substituatur,
717 3902 773 3953 qua
791 3885 1002 3940 commutatione
1020 3890 1080 3939 tota
1097 3883 1179 3938 huius
1197 3882 1250 3946 Ioui
1271 3883 1408 3938 sententia
1425 3883 1491 3938 snb-

353 3973 467 4030 vertitur
484 3979 566 4044 atque
585 3972 707 4031 deletur:
733 3981 763 4028 nt
781 3973 884 4041 primus
902 3973 1041 4027 Arnobius
1066 3969 1137 4025 hanc
1154 3984 1249 4024 vocem
1270 3984 1419 4037 usurpasse
1437 3978 1491 4024 ste·

353 4060 600 4215 tuendimcisdtiierg.
623 4147 689 4200 Aen.
708 4143 740 4212 V,
761 4147 824 4211 6873
850 4144 919 4212 XII,
937 4146 1003 4212 bl7;
1029 4145 1095 4208 8183
1115 4142 1189 4196 Flor.
1208 4145 1239 4209 4,
1260 4145 1309 4209 11;
1329 4143 1401 4200 Gurt.
1421 4143 1447 4210 8,
1466 4146 1490 4198 7.
