3362 5104
681 458 896 519 ..41-

222 627 390 710 gnificatio
413 627 554 710 primum
569 625 733 690 invenitur
749 627 836 710 apud
852 627 1045 710 Eutropium
1068 631 1101 691 et
1120 626 1324 692 Ammianum
1337 630 1362 714 ι)

221 745 321 824 atque
349 738 391 805 ab
421 760 459 804 eo
491 744 638 823 tempore
668 739 772 822 magis
795 738 964 822 magisque
990 738 1110 820 viguit,
1140 759 1239 823 quam
1262 741 1290 805 si
1312 740 1360 805 in-

220 854 366 919 venimus
392 850 480 936 apud
502 851 678 931 Avianum,
709 851 761 916 cui
789 850 892 916 aetati
920 850 949 917 is
971 850 1015 916 sit
1034 851 1268 935 assignandus,
1301 873 1361 936 per

221 987 258 1032 se
279 969 373 1051 patet
397 966 420 1050 ).
553 949 554 954 ἵ
1091 945 1093 950 ’

307 1077 377 1142 Iam
399 1076 540 1142 alterum
562 1074 745 1158 exemplum
774 1074 935 1140 habemus
962 1074 996 1139 10
1028 1073 1160 1140 fabulae
1188 1075 1237 1140 111
1265 1097 1360 1141 versu

220 1190 262 1271 Π,
284 1209 349 1272 quo
370 1189 443 1254 loco
466 1186 587 1252 ‘relisit'
603 1186 823 1271 perscriptum
834 1187 976 1253 omniurn
991 1185 1151 1252 librorum
1165 1208 1325 1253 consensu
1333 1189 1359 1272 ³)

222 1299 404 1366 exhibetur.
457 1301 547 1379 Quae
576 1318 639 1364 vox
666 1298 784 1383 priscis
810 1296 1014 1383 temporibus
1045 1298 1133 1383 apud
1161 1321 1261 1364 unum
1290 1299 1361 1365 Sal-

221 1413 357 1479 lustium
376 1415 485 1478 exstat
513 1411 547 1478 in
576 1409 690 1476 histor.
719 1410 740 1475 l.
762 1410 807 1476 IV
829 1409 1013 1494 fragmento
1035 1410 1159 1478 XXXV
1180 1410 1244 1497 (ed.
1267 1411 1360 1477 Kritz

221 1547 251 1590 a.
285 1525 399 1609 1853),
429 1541 526 1607 quem
553 1521 662 1587 locum
691 1522 823 1589 Servius
854 1522 906 1591 ad.
929 1522 1024 1606 Verg.
1053 1522 1132 1588 Aen.
1161 1523 1210 1589 III
1239 1546 1267 1589 v.
1297 1529 1360 1590 414

222 1635 391 1720 ascripsit:
411 1635 537 1701 ‘ltaliae
552 1633 695 1700 Siciliam
712 1682 823 1700 ......
839 1639 966 1700 aestum
980 1633 1117 1716 rehffit‘3
1139 1634 1173 1699 in
1198 1656 1265 1718 qua
1283 1656 1362 1702 voce

222 1747 402 1833 repellendi
432 1747 596 1812 notionem
629 1746 736 1811 inesse
770 1745 869 1812 rides.
921 1746 986 1812 Sed
1018 1749 1137 1830 quarto
1166 1769 1197 1831 p.
1227 1746 1300 1812 Chr.
1331 1769 1361 1813 n.

222 1860 355 1926 saeculo
378 1879 451 1924 cum
478 1859 542 1925 hoc
567 1857 762 1924 vocabulum
785 1858 972 1939 revixisset,
1001 1857 1087 1923 aliae
1108 1859 1362 1942 significationes

222 1973 252 2037 ei
278 1972 446 2037 subiectae
478 1975 568 2051 sunt,
597 1970 689 2036 velut
715 1970 897 2036 resultandi
925 1990 946 2035 a
972 1970 1133 2036 Venantic
1163 1971 1361 2053 Fortunat03

222 2089 323 2168 atque
353 2083 395 2149 ad
418 2104 490 2149 eam
513 2102 611 2167 quam
633 2082 696 2147 hcc
721 2082 831 2167 10004)
861 2080 1020 2147 tributam
1041 2080 1141 2147 verbo
1163 2082 1211 2147 illi
1240 2083 1361 2167 reperi·

295 2353 320 2420 1)
337 2350 453 2420 Eutrop.
471 2352 497 2419 7,
515 2352 540 2418 2,
558 2351 591 2419 83
607 2349 732 2405 hlacrob.
751 2348 807 2404 Sat.
825 2351 848 2418 l,
867 2350 909 2417 11,
925 2351 969 2404 45.

290 2437 317 2504 2)
336 2436 438 2493 Exstat
455 2434 524 2492 haec
540 2452 594 2491 vox
612 2435 706 2492 eadem
716 2435 917 2504 significatione
929 2443 1063 2505 usurpata
1079 2433 1109 2489 10
1120 2433 1202 2490 Gellii
1220 2441 1293 2490 noct.
1311 2441 1362 2492 att.

219 2525 238 2578 l.
264 2523 290 2577 ll
317 2537 341 2578 c.
374 2522 469 2577 XVIII
500 2521 555 2578 fine
587 2523 615 2577 in
641 2521 807 2578 adltionibus
837 2521 1050 2578 vetustioribus:
1075 2522 1154 2578 00100
1179 2520 1262 2576 etiam
1277 2559 1361 2577 .....

219 2609 269 2665 acl
288 2610 371 2678 φίλος
391 2603 563 2679 ἀθανάτοις,
589 2624 670 2678 quam
695 2613 779 2664 totam
799 2603 953 2678 asptsomiv
976 2608 1096 2678 spuriam
1120 2609 1264 2675 alienaque
1281 2623 1362 2664 manu

220 2695 344 2751 additam
363 2709 425 2750 esse
442 2695 497 2750 iam
515 2694 665 2750 Salmasius
690 2694 772 2759 vidit3
797 2699 881 2762 atque
908 2693 980 2750 hano
997 2695 1162 2750 senteutiam
1179 2699 1283 2749 rectam
1301 2709 1362 2750 0000

220 2798 254 2837 eo
272 2781 413 2848 evincitur,
432 2780 506 2848 quod
524 2780 552 2835 10
570 2781 649 2836 libris
667 2780 742 2837 hand
760 2781 856 2850 paucis
874 2781 970 2850 eisque
989 2781 1107 2851 optimis,
1125 2789 1156 2837 ut
1170 2780 1199 2834 in
1219 2779 1314 2849 Regio,
1333 2781 1362 2835 iu

220 2866 452 2923 Rottendorliano
472 2866 518 2921 all.
537 2867 583 2922 hic
599 2867 677 2923 locus
696 2867 805 2922 omnino
824 2882 879 2922 000
898 2875 1053 2936 comparet;
1080 2874 1108 2923 et
1124 2866 1187 2922 iure
1205 2867 1361 2934 meritoque

220 2954 335 3009 Lionius
358 2952 402 3022 (ad
427 2953 455 3006 h.
473 2953 503 3024 l.)
530 2954 637 3009 monuit
661 2954 690 3008 in
716 2952 815 3022 capitis
841 2952 934 3008 Indice
957 2953 1059 3008 nullam
1082 2950 1264 3009 additamenti
1286 2951 1361 3008 illins

219 3041 384 3097 mentionem
401 3038 470 3107 herl,
489 3056 569 3109 quam
586 3039 695 3096 fecisset
709 3040 823 3109 Gellius,
844 3040 914 3095 siin
932 3039 986 3095 1100
1005 3040 1104 3108 capitis
1121 3038 1177 3094 tale
1198 3038 1265 3107 quid
1285 3036 1361 3094 addi·

219 3127 314 3182 disset.
348 3127 447 3193 Neque
471 3127 517 3194 qni
535 3127 571 3182 sit
588 3126 707 3196 factum,
734 3133 765 3182 ut
782 3127 911 3195 pericope
928 3125 977 3181 illa
1000 3126 1163 3193 adderetur,
1186 3125 1361 3194 ignoramus3

219 3229 283 3267 nam
300 3214 328 3266 10
341 3211 477 3268 Macrobii
495 3213 657 3268 Saturnaliis
675 3227 735 3267 cum
754 3213 809 3267 hoc
822 3213 903 3269 Gellii
922 3218 1006 3281 caput
1022 3212 1233 3280 transscriptum
1252 3211 1320 3277 (Sat.
1339 3212 1361 3278 1,

221 3303 270 3366 11,
296 3299 410 3367 41-44)
428 3305 512 3368 atque
538 3301 572 3354 ah
597 3299 660 3367 ipso
680 3299 824 3355 Macrobio
848 3299 1054 3368 paragraphum
1079 3295 1210 3352 XXXXV
1236 3297 1361 3352 adsutam

220 3385 321 3453 aliquIs
338 3383 500 3441 invenisset:
530 3387 607 3440 cuins
633 3385 953 3453 0110001100
978 3379 1154 3453 0110001000,
1179 3383 1260 3439 etiam
1279 3383 1361 3438 Gellii

220 3470 306 3540 capiti
321 3469 455 3525 adiunxit.

289 3559 317 3625 3)
334 3557 458 3611 Fuerunt
476 3555 523 3627 qui
541 3557 700 3613 coniectura
716 3558 790 3612 huuc
808 3574 914 3613 versum
932 3563 1086 3626 tentarent,
1114 3573 1173 3612 cum
1191 3556 1261 3611 haec
1279 3555 1360 3611 resti·

217 3643 321 3700 tuenda
340 3648 497 3698 censerent:
522 3647 636 3711 tergora
661 3643 758 3712 laesit,
784 3645 860 3699 velut
876 3643 1089 3711 Gannegieterns
1112 3642 1165 3712 (ed.
1185 3642 1242 3697 fab.
1263 3642 1359 3697 Asiae.

216 3748 248 3801 p.
266 3729 312 3796 28)
329 3733 357 3783 et
373 3727 516 3784 Nodellius
534 3727 586 3795 (sd.
605 3746 628 3786 a
649 3730 715 3783 1787
734 3746 761 3798 p.
780 3732 833 3798 37),
850 3729 976 3784 nimirum
994 3745 1028 3785 ea
1045 3729 1100 3784 nisi
1117 3745 1154 3799 re,
1173 3728 1248 3796 quod
1266 3728 1294 3781 10
1314 3743 1361 3782 00-

217 3817 280 3871 dice
298 3814 540 3884 sangermanensi,
567 3815 612 3870 cui
630 3816 749 3872 litteram
769 3816 791 3869 P
811 3817 986 3872 Froahnerus
1012 3815 1126 3884 IndidIt,
1146 3821 1286 3870 exaratum
1305 3819 1362 3868 est:

216 3901 339 3957 relaesit.
375 3901 475 3956 Verum
492 3903 515 3956 01
532 3901 710 3970 respiciemus
728 3917 768 3972 ea,
786 3918 856 3970 quae
874 3902 907 3956 de
924 3903 1005 3956 huius
1024 3901 1087 3957 libri
1102 3901 1256 3970 scripturae
1273 3905 1302 3954 01
1319 3900 1359 3954 10-

216 3987 316 4058 primis
339 3985 554 4056 orthographiae
576 4002 677 4056 genere
696 3988 868 4043 Froehnarus
892 3988 990 4057 (prael.
1017 3989 1061 4044 ed.
1085 3988 1183 4044 Avian.
1212 4004 1238 4057 p.
1259 3986 1298 4041 IV
1309 3989 1360 4056 sq.)

217 4073 340 4140 monuit,
358 4073 412 4126 hac
429 4072 586 4129 coniectura
604 4079 634 4128 ut
652 4089 858 4143 supervacanea
875 4081 903 4130 01
920 4074 1006 4130 futtili
1025 4075 1129 4130 reiecta
1147 4073 1280 4128 librorum
1298 4087 1360 4127 auc·

216 4160 361 4216 toritatem
379 4175 526 4228 sequamur
543 4176 655 4216 necesse
674 4167 724 4215 001.

288 4247 315 4314 4)
333 4246 434 4301 Iterum
451 4245 584 4302 relidendi
598 4247 711 4301 verbum
728 4246 756 4300 10
771 4247 868 4303 Aviani
886 4247 981 4303 libello
998 4252 1140 4303 exaratum
1158 4245 1311 4314 insanitum
1329 4248 1357 4303 10

216 4331 331 4389 1010100
348 4334 419 4389 enim
438 4331 477 4386 IX
494 4347 576 4388 versu
595 4333 634 4388 IX
645 4348 685 4401 sq.
705 4333 821 4403 legimus
841 4334 946 4406 scripta
963 4334 1048 4392 haec:
