3362 5104
817 391 1032 454 ,42-

358 577 429 620 mus
461 555 727 640 significationem
758 558 904 641 proxime
938 559 1065 624 aceedit
1096 581 1151 639 ea,
1182 582 1280 643 quam
1302 561 1389 646 apud
1411 561 1491 628 Pru-

358 667 503 733 dentium
526 670 615 754 (περὶ
627 686 719 755 oreo.
744 677 772 750 9,
797 673 853 755 48)
875 671 1038 753 videmus3
1063 673 1186 757 scripta
1204 674 1289 738 enim
1310 673 1357 740 ibi
1379 674 1492 758 legun·

357 783 412 843 tur
433 779 531 844 haec:

462 898 491 971 9,
514 897 554 955 47
568 914 631 975 sq.:
655 893 818 958 coniciunt
840 894 897 958 alii
919 893 1052 978 fragiles
1074 897 1172 978 inque
1195 917 1253 961 ora
1274 897 1412 963 tabellas

605 1003 761 1088 frangunt
782 1004 881 1071 relisa
902 1005 1009 1072 fronte
1031 1006 1155 1091 lignum
1178 1008 1304 1075 dissilit.

299 1160 301 1162 -
357 1114 395 1178 In
416 1115 552 1180 eandem
573 1117 733 1182 rationem
757 1117 845 1182 cadit
866 1117 920 1183 hic
941 1118 1048 1184 locus:

460 1227 480 1291 t.
512 1233 569 1308 39,
607 1233 645 1293 13
661 1250 727 1312 sq.:
744 1214 815 1294 ille
844 1230 1056 1297 resultantem
1086 1231 1225 1297 flammis
1256 1233 1494 1317 crepitantibus

706 1431 708 1436 Ι
1078 1321 1224 1409 αᾶᾶθηῖ

460 1453 522 1517 hoc
545 1457 578 1516 te
600 1453 712 1533 maior,
736 1453 792 1533 ait,
813 1474 919 1536 poena
941 1454 1098 1538 dolorque
1120 1457 1223 1539 rapit3

358 1586 433 1630 nam
449 1563 630 1635 resultandi
642 1567 667 1650 1)
689 1567 761 1631 voci
779 1564 930 1631 hocloco
948 1566 1121 1631 recusandi
1139 1568 1190 1632 vel
1208 1567 1402 1639 adversandi
1419 1591 1494 1633 sen-

358 1677 461 1741 tentia
484 1675 633 1742 subiecta
653 1682 711 1756 est,
735 1698 819 1760 quae
835 1699 1001 1761 nunquam
1023 1679 1185 1744 invenitur
1207 1680 1295 1763 apud
1317 1681 1494 1764 scriptores

357 1789 470 1872 quinto
486 1790 617 1854 saeculo
633 1789 816 1874 superiores
823 1791 850 1874 2)
874 1795 907 1854 et
918 1789 1010 1854 cuius
1027 1791 1167 1875 primum
1180 1792 1363 1876 exemplum
1383 1797 1494 1858 exstat

459 2021 505 2076 ille
522 2021 634 2078 trahens
651 2021 726 2077 nullo
744 2022 827 2078 iacuit
843 2022 959 2091 vestigia
977 2015 1084 2090 gressu,

461 2110 602 2164 exanimeu
621 2107 734 2176 fingens,
754 2115 852 2177 sponte
870 2108 969 2163 relisus
989 2107 1072 2162 humi.

356 2193 459 2250 Verum
477 2194 530 2249 hoc
554 2195 615 2249 loco
632 2202 707 2249 recte
724 2193 822 2249 fecisse
840 2193 945 2249 videtur
967 2194 1192 2263 Gannegieterus,
1218 2194 1290 2264 quod
1310 2211 1343 2250 ex
1362 2197 1493 2264 plurimo·

359 2296 417 2334 rum
447 2281 568 2335 locorum
594 2281 758 2336 auctoritate
784 2281 926 2349 reposuit:
959 2280 1067 2338 refusus
1093 2282 1137 2349 (cf.
1162 2280 1244 2349 Verg.
1269 2282 1337 2336 Aen.
1364 2279 1494 2350 v1,423;

355 2365 383 2433 1,
409 2368 476 2431 214;
503 2366 560 2435 lX,
589 2368 654 2432 164;
674 2366 722 2436 V‚-
743 2370 807 2433 1023
834 2367 871 2436 V,
890 2369 938 2434 773
961 2367 988 2436 1,
1017 2368 1092 2435 193),
1118 2383 1179 2421 nam
1206 2367 1286 2422 huius
1311 2370 1384 2424 vocis
1408 2370 1493 2437 signi-

358 2452 512 2507 ficationem
537 2455 569 2507 ut
591 2452 651 2508 voci
669 2452 799 2522 ‘relisus’‚
826 2468 895 2521 quae
919 2468 1115 2522 usquequaque
1138 2453 1262 2509 ‘oblisus'
1286 2454 1343 2510 sive
1368 2454 1494 2509 ‘collisus‘

356 2540 409 2592 vim
428 2538 527 2606 habet,
546 2539 715 2606 tribuamus,
734 2539 788 2594 hoc
807 2554 862 2593 uno
882 2539 943 2594 loco
961 2540 1052 2594 facere
1069 2556 1124 2594 non
1143 2555 1296 2607 possumus.
1333 2541 1428 2609 Neque
1447 2541 1495 2594 mi·

357 2639 407 2678 uus
426 2641 443 2677 a
460 2640 526 2678 vcro
545 2624 685 2679 aberravit
703 2625 834 2678 Aemilius
852 2625 1006 2693 Baehrens,
1026 2641 1085 2680 oum
1105 2627 1222 2694 ‘sponte'
1239 2625 1267 2681 in
1284 2626 1389 2680 ‘fronte'
1408 2627 1495 2680 corri-

357 2714 448 2776 geres
475 2726 537 2764 uam
556 2710 714 2779 postulatur
731 2711 812 2765 huius
831 2712 941 2767 fabulae
961 2711 1133 2779 condicione,
1160 2719 1190 2767 ut
1207 2712 1296 2767 viator
1314 2713 1361 2767 ille
1379 2728 1426 2767 ore
1443 2711 1493 2767 hu-

356 2812 428 2850 mum
446 2801 522 2865 tegat
540 2805 622 2866 atque
640 2813 672 2852 os
689 2799 718 2852 in
733 2797 791 2853 solo
802 2797 948 2867 imprimat,
965 2814 1000 2853 ne
1020 2814 1100 2853 ursus
1119 2814 1179 2852 eum
1198 2799 1323 2867 spiritum
1339 2797 1493 2853 trahentem

356 2887 384 2938 ot
402 2885 568 2940 emittentem
588 2884 697 2938 sentiat.

426 2973 450 3033 1)
460 2969 503 3023 Ex
511 2971 674 3026 auctoritate
689 2969 820 3025 editionis
834 2972 935 3025 veteris
945 2970 1087 3025 cuiusdam
1096 2970 1227 3026 Aemilius
1238 2971 1380 3026 Baehrens
1395 2970 1492 3026 ‘reluc-

355 3059 468 3112 tantem'
476 3058 503 3111 in
513 3056 634 3111 ordinem
644 3056 765 3124 recepit3
782 3072 863 3122 quam
871 3057 1016 3111 lectionem
1027 3073 1060 3111 ex
1068 3056 1229 3123 glossemate
1236 3065 1329 3112 natam
1337 3073 1398 3112 esse
1407 3059 1492 3125 patet.

429 3146 455 3210 2)
474 3144 530 3197 Iam
549 3143 642 3196 eadem
665 3159 718 3197 rox
736 3158 808 3197 nova
826 3159 859 3197 ae
877 3142 946 3197 mira
971 3144 1106 3198 sententia
1124 3149 1256 3212 usurpata
1273 3143 1375 3210 legitur
1400 3144 1428 3197 iu
1452 3143 1492 3198 fa·

356 3228 438 3283 bulae
457 3228 572 3282 XXXVI
591 3229 669 3283 initio

459 3312 575 3383 pulcher
592 3319 620 3368 et
637 3314 742 3369 intacta
760 3314 861 3370 vitulus
880 3315 985 3370 cervice
1005 3315 1140 3370 resultans

460 3400 628 3456 scindentem
647 3401 755 3456 assidue
773 3401 879 3455 uiderat
896 3416 962 3455 arva
978 3402 1090 3467 bovem3

356 3501 417 3540 nam
435 3487 508 3540 idem
525 3486 616 3542 valere
634 3486 741 3541 videtur
757 3493 840 3554 atque
858 3486 1010 3542 ‘insultans’
1029 3489 1086 3540 sive
1103 3487 1286 3554 discursans,
1306 3503 1386 3555 quam
1404 3488 1492 3541 notio·

357 3587 418 3631 uem
437 3573 491 3627 alio
507 3571 567 3627 loco
587 3574 612 3626 ei
631 3573 763 3628 tributam
792 3575 836 3628 vix
853 3573 1000 3628 inveneris.
1036 3573 1096 3640 Qua
1115 3589 1144 3627 re
1163 3573 1261 3628 ductus
1278 3575 1308 3626 in
1328 3573 1386 3628 eius
1403 3573 1493 3627 locum

356 3655 515 3727 ‘refulgens’
534 3659 695 3714 vocabulum
714 3660 906 3714 Lachmanuus
932 3659 1089 3727 substituit,
1113 3675 1183 3727 quae
1201 3658 1352 3713 emendatio
1371 3658 1493 3727 quamvis

360 3744 487 3812 speciosa
501 3753 590 3800 tamen
609 3745 653 3800 vix
671 3754 750 3800 recta
768 3752 824 3812 est3
844 3763 904 3800 uam
924 3752 1115 3814 praeterquam
1133 3745 1207 3814 quod
1225 3747 1344 3798 omnium
1361 3744 1493 3799 librorum

167 3836 170 3845 ⁴
249 3901 251 3905 Ι
357 3837 492 3884 consensu
511 3831 665 3886 ‘resultans'
683 3831 767 3886 lectio
786 3834 996 3900 echiprobatur‚
1008 3900 1010 3904 A
1024 3832 1109 3887 etiam
1134 3831 1237 3898 aliquid
1255 3831 1335 3885 fulcri
1352 3830 1436 3885 habet
1460 3847 1493 3885 ea

356 3931 395 3982 re,
415 3917 487 3984 quod
507 3918 599 3972 verbis
623 3935 673 3986 per
691 3920 738 3971 ‘re’
766 3918 925 3986 compositis
949 3919 1010 3973 loco
1028 3919 1173 3972 verborum
1192 3918 1254 3972 aliis
1273 3934 1335 3972 eum
1353 3917 1492 3985 praeposi·

358 4003 477 4057 tionibus
512 4005 760 4074 conglutinatorum
786 4005 865 4058 metri
890 4006 997 4059 ratione
1024 4005 1152 4059 inductus
1178 4003 1301 4058 Avienus
1328 4003 1493 4071 compluries

357 4104 422 4143 usus
441 4080 589 4157 est‚'velut
606 4090 624 4144 f.
646 4093 676 4157 6,
696 4093 727 4147 3:
748 4092 909 4145 ‘recurrens'
927 4107 978 4160 pro
997 4092 1174 4155 ‘accurrens'3
1194 4091 1212 4144 f.
1232 4092 1335 4157 29‚,4:
1353 4087 1492 4144 ‘referens’

356 4191 407 4242 pro
435 4175 583 4246 ‘afferens’3
609 4178 682 4249 quod
706 4176 837 4248 loquendi
855 4193 939 4248 genus
961 4176 1032 4232 nulli
1057 4177 1112 4233 nisi
1130 4176 1288 4232 recentioris
1311 4176 1370 4230 aeri
1393 4180 1492 4245 poetae

356 4260 470 4320 tribuas.
