3362 5104
821 435 1037 498 -2g-

449 601 521 680 Qua
549 623 588 666 ex
619 601 733 668 tabula
760 603 846 668 inter
877 604 1054 668 Ausonium
1083 601 1126 668 et‘
1143 605 1357 680 venantium,
1387 605 1414 668 si
1440 626 1502 668 nn·

362 733 487 780 merum
510 714 758 798 productiouum
788 715 822 780 iu
845 737 982 781 caesura
1002 717 1199 799 pentametri
1222 716 1444 780 adbibitamm
1467 725 1502 781 ct

362 823 472 892 hiatus
493 825 525 890 iu
548 825 663 892 eadem
685 825 763 892 sede
784 826 918 892 admissi
941 848 1014 892 cum
1038 849 1173 892 numero
1195 850 1347 893 versuum
1370 835 1501 892 exstan-

362 937 443 1002 tium
462 938 767 1022 comparaverimus,
789 938 996 1003 inserendum
1016 960 1087 1004 esse
1102 940 1262 1004 avianum
1277 941 1501 1022 cognoscimus

363 1051 483 1132 atque,
516 1048 676 1132 siquidem
704 1069 743 1114 ex
763 1047 825 1114 bac
848 1071 884 1113 re
906 1049 1070 1115 conclusio
1093 1050 1134 1114 de
1158 1055 1268 1116 aetate
1289 1051 1360 1116 fieri
1382 1057 1502 1135 potest,

363 1159 448 1226 inter
471 1160 647 1226 Ausonium
670 1166 703 1226 et
726 1160 919 1226 Veientium
940 1159 1135 1226 fabulatoris
1153 1160 1240 1227 illius
1264 1169 1407 1228 actamm
1428 1185 1502 1228 esse

364 1270 632 1338 constituendam.
646 1275 669 1355 ¹)

365 1561 418 1615 que
438 1545 539 1616 elegias
559 1563 680 1617 pangere
701 1547 814 1604 Rotnani
834 1547 999 1616 didicerunt,
1026 1563 1115 1618 usque
1132 1548 1168 1603 ad
1186 1548 1325 1604 saeculum
1342 1566 1370 1618 p.
1390 1549 1453 1603 Chr.
1474 1568 1501 1604 u.

364 1633 508 1702 septimum
523 1633 703 1703 perlegimus3
723 1635 772 1688 sed
792 1650 884 1690 eorum
903 1641 1007 1690 tuntum
1025 1641 1167 1702 poetarum
1185 1637 1295 1689 uomina
1312 1637 1503 1702 ascripsimus,

363 1717 391 1774 ln
412 1735 525 1788 quorum
545 1719 679 1790 poematis
699 1737 746 1774 eae
767 1721 800 1776 de
819 1719 920 1790 quibus
938 1720 1109 1789 disputamus
1127 1721 1254 1776 licentiae
1272 1720 1455 1776 inveniuntur.

434 1807 458 1874 1)
472 1805 513 1861 lta
530 1807 656 1876 quoniam
669 1813 766 1874 quarto
780 1807 822 1862 rel
839 1804 935 1874 quinto
954 1805 1063 1861 saeculo
1076 1808 1207 1861 Avianuru
1221 1809 1364 1876 assignare
1382 1808 1502 1861 certissi-

365 1891 414 1947 tnls
431 1891 540 1947 iudlclls
559 1891 695 1962 cogimur,
719 1909 753 1948 uo
771 1909 804 1947 ea
823 1891 930 1960 quidem
951 1892 1074 1962 syllabae
1091 1892 1183 1948 brevis
1202 1893 1383 1961 productione
1401 1893 1503 1947 aliendi

364 1977 502 2047 debemus,
522 1993 593 2046 quae
612 1981 702 2033 exstet
719 1977 746 2032 in
766 1977 876 2033 tabulae
894 1977 997 2031 XXXV
1015 1993 1094 2031 versu
1115 1977 1165 2032 lV:

469 2063 581 2122 ulterius
601 2063 671 2119 odiis
689 2070 849 2120 exsaturata
867 2073 959 2131 tumet,

365 2149 392 2205 iu
412 2165 466 2218 quo
484 2151 558 2206 recle
575 2150 707 2207 ‘alterius'
735 2149 843 2220 syllaba
870 2148 965 2204 ultima
991 2148 1060 2205 arsis
1079 2151 1103 2203 vi
1122 2150 1292 2218 producitur.
1329 2151 1388 2206 ilos
1405 2168 1503 2207 versus

366 2241 396 2290 ut
413 2235 522 2304 spurios
548 2235 664 2292 eiecisse
683 2235 884 2292 liaclrmannum
909 2235 962 2289 iam
980 2237 1041 2304 ipse
1059 2235 1148 2290 animo
1167 2243 1215 2291 tuo
1234 2237 1363 2305 colligere
1382 2238 1505 2305 poteris:

366 2337 452 2390 neque
470 2323 555 2379 solum
575 2323 627 2378 boc
645 2321 782 2378 distichon
809 2321 885 2377 uncis
910 2321 1022 2376 inclusit
1047 2321 1095 2376 sed
1124 2321 1205 2376 etiam
1231 2323 1259 2376 id
1277 2322 1350 2390 quod
1368 2324 1504 2390 sequitur.

368 2407 463 2464 Verum
486 2408 512 2464 hi
531 2425 622 2466 versus
641 2407 742 2479 optime
761 2415 789 2464 et
806 2409 956 2465 arctissime
974 2413 1076 2462 etcum
1094 2409 1318 2468 antecedentibus
1336 2419 1364 2464 et
1384 2425 1443 2462 curn
1461 2411 1503 2463 in-

366 2493 545 2563 sequentibus
564 2497 711 2552 cobaereot
728 2495 812 2564 adeo,
831 2499 862 2549 ut
880 2508 974 2550 cerere
993 2495 1031 2548 eis
1049 2509 1223 2560 nequeamus.
1262 2494 1294 2549 ld
1312 2495 1381 2549 euim
1403 2500 1506 2563 poetae

366 2580 504 2636 cortelllurn
525 2588 582 2650 est,
609 2589 639 2636 ut
663 2583 750 2650 primo
776 2583 803 2636 in
830 2581 983 2635 uuiversum
1013 2579 1167 2646 describat,
1195 2596 1274 2648 quem
1293 2582 1328 2634 ud
1347 2581 1455 2634 modum
1474 2582 1504 2634 iu

368 2665 489 2734 geminos
502 2666 573 2723 lilios
589 2683 707 2723 amorem
721 2667 799 2722 simia
813 2666 925 2734 dividet,
942 2665 1040 2721 deinde
1051 2675 1178 2734 exponet,
1196 2682 1250 2737 quo
1260 2683 1322 2720 casu
1334 2666 1391 2733 fiat,
1407 2673 1507 2721 utsae-

367 2767 513 2820 perterrere
528 2759 700 2822 contemptus
718 2753 745 2807 iu
765 2753 823 2807 curi
842 2751 890 2806 filii
909 2767 1015 2806 amores
1033 2751 1170 2806 succedat.
1207 2751 1306 2806 Verum
1324 2752 1347 2806 sl
1366 2766 1460 2805 versus
1479 2751 1506 2805 V

365 2845 393 2894 et
413 2837 593 2908 Videbatur,
613 2841 722 2895 omniuo
741 2855 794 2894 nou
813 2837 1000 2907 intellegimus,
1020 2838 1067 2907 qui
1086 2837 1141 2906 fiat,
1161 2844 1191 2892 ut
1208 2839 1286 2892 simia
1303 2844 1389 2892 mater
1407 2837 1506 2905 fugiat,

365 2924 392 2980 id
412 2925 483 2994 quod
501 2933 529 2980 et
548 2927 576 2982 ln
594 2943 673 2982 versu
692 2926 716 2980 X
737 2930 765 2980 et
781 2927 808 2980 in
827 2925 881 2979 Xll
901 2929 983 2994 poeta
1000 2932 1119 2978 enarrat.
1156 2924 1276 2979 Necesse
1294 2925 1377 2992 igitur
1395 2929 1437 2978 est
1455 2940 1506 2976 urr-

367 2997 546 3082 adscriptor
570 3012 743 3082 exposuerit,
769 3029 824 3082 qua
850 3027 879 3065 re
904 3011 1052 3079 perterrita
1073 3011 1151 3065 simia
1170 3009 1250 3077 fugae
1269 3026 1298 3065 se
1316 3009 1506 3073 mandaverim

370 3098 439 3154 unde
459 3099 576 3154 allicitur
593 3113 688 3155 versus
706 3097 728 3152 V
747 3105 779 3176 et,
793 3097 829 3151 Vl
847 3097 967 3166 integros
981 3112 1038 3152 esse
1051 3097 1253 3165 relinquendos.
1290 3095 1364 3163 Quos
1378 3096 1506 3165 qtrouianr

369 3185 394 3238 in
415 3191 545 3239 eorrtextu
564 3187 683 3241 retinere
696 3185 783 3240 coacti
801 3199 902 3252 sumus,
921 3199 1015 3238 versus
1029 3200 1136 3252 quoque
1154 3183 1194 3237 lll
1215 3193 1242 3238 et
1254 3182 1291 3236 1v
1306 3198 1354 3236 cur
1366 3182 1507 3250 uidemus,

368 3285 420 3324 nou
441 3269 586 3327 babemus:
606 3287 667 3327 nam
685 3271 795 3326 minime
813 3270 856 3324 bis
874 3269 944 3324 idem
958 3269 1112 3337 exponitur,
1130 3268 1202 3338 quod
1221 3269 1275 3324 iam
1293 3269 1418 3322 versibus
1437 3267 1506 3321 duo·

367 3356 419 3410 bus
439 3355 533 3426 primis
552 3364 691 3413 narratum
716 3365 772 3421 est;
802 3356 851 3412 sed
876 3371 936 3410 cum
963 3355 991 3410 in
1016 3356 1139 3410 uersibus
1158 3355 1253 3424 primis
1272 3353 1415 3408 admodum
1435 3370 1507 3421 ruge

367 3447 450 3512 atque
468 3443 594 3512 ambigue
618 3443 719 3500 dictum
744 3443 793 3498 sit:
820 3443 898 3498 simia
924 3440 1019 3495 dividit
1046 3442 1163 3510 pignera
1186 3448 1251 3495 nata
1269 3441 1297 3497 in
1316 3442 1404 3494 varius
1421 3439 1506 3518 vices,

368 3545 437 3598 quae
457 3531 512 3584 siut
527 3530 618 3586 variae
637 3531 699 3587 illue
716 3531 797 3598 vices,
816 3529 904 3583 altero
924 3526 1041 3582 disticho
1059 3528 1215 3582 accuratius
1229 3527 1400 3582 describitur.
1428 3525 1506 3591 Quae

369 3633 427 3672 curn
447 3616 486 3672 ita
505 3617 569 3686 sint,
588 3634 643 3674 uon
657 3617 807 3673 delebimus
821 3616 871 3671 bos
885 3629 994 3680 versus;
1013 3629 1128 3681 utrmque
1144 3613 1297 3668 emendatio
1318 3612 1505 3678 ‘alteriusque’

368 3702 552 3760 eGabeliavio
570 3704 713 3773 proposita
729 3703 763 3759 ab
783 3719 834 3761 usu
844 3700 977 3757 sermonis
987 3699 1109 3767 Romani,
1128 3700 1175 3770 qui
1194 3714 1300 3766 semper
1316 3693 1507 3760 ἄσυνθετικῶς

367 3791 456 3845 ‘unua'
474 3796 502 3845 et
520 3790 606 3846 ‘alter‘
624 3790 695 3844 inter
710 3804 740 3844 ee
758 3791 920 3856 coniungere
936 3785 1069 3854 solebant,
1085 3787 1232 3842 abhorreat
1250 3787 1295 3854 (ci.
1313 3784 1428 3838 Phaedr.
1447 3783 1506 3838 iub.

370 3873 403 3942 il,
423 3878 448 3944 7,
467 3879 483 3930 2
502 3891 560 3944 aa:

471 3978 540 4017 unus
561 3962 666 4019 terebat
683 3961 764 4017 fiscos
784 3978 842 4017 cum
862 3959 987 4030 pecnnia,

471 4049 541 4104 alter
560 4054 693 4104 tumentes
713 4049 797 4103 multo
815 4061 908 4104 saccos
926 4044 1028 4101 hordeo

368 4134 673 4204 umffimm:

470 4220 524 4277 duo
542 4237 604 4277 cum
622 4219 783 4276 incidissent
799 4219 828 4273 iu
844 4218 979 4274 latronem
998 4217 1107 4286 milites,

471 4323 539 4364 uuus
557 4305 689 4380 profugit,
707 4304 776 4361 ulter
793 4309 884 4360 autem
902 4303 1015 4374 restitit)
