3362 5104
844 399 1059 462 ..58-

386 568 439 629 tus
463 562 504 628 de
526 585 624 630 manu
645 563 776 648 linguae
794 587 886 630 meae
906 566 1065 632 confessio
1086 566 1152 632 ista
1173 569 1375 652 procederet,
1396 571 1437 636 de
1451 577 1524 636 m'n·

385 675 519 742 neribus
539 677 642 761 ipsius
663 677 817 760 ingenioli
844 679 907 744 mei
926 678 1032 744 eidem
1052 679 1182 764 adipem
1203 679 1351 763 litarem,
1380 688 1418 748 ut
1438 704 1524 748 nnn-

386 807 485 871 quam
513 787 580 854 stili
610 809 690 854 cura
718 789 759 854 de
789 790 1005 856 saecularium
1034 812 1143 858 rerum
1170 797 1305 858 ventosa
1331 795 1524 861 executione

385 899 571 980 leuaretur,
603 900 746 984 reliques
775 901 891 983 etiam,
912 901 1031 986 quibus
1061 903 1241 988 sugillabat
1267 905 1440 971 foeditates
1462 906 1523 972 ab·

386 1031 537 1092 nuerem,
568 1012 596 1078 si
617 1015 727 1078 tamen
748 1013 835 1096 ipss,
864 1013 951 1096 quod
972 1014 1063 1098 loqui
1084 1014 1270 1099 inspiravit,
1298 1017 1380 1082 velle
1400 1038 1451 1083 me
1472 1017 1524 1083 fa-

388 1123 473 1189 ciat’
516 1125 586 1189 Iam
616 1123 699 1190 haec
727 1125 944 1206 constructio,
980 1146 1064 1209 quae
1097 1127 1210 1210 quinto
1242 1130 1372 1194 saeculo
1401 1135 1524 1196 novata

385 1235 514 1301 videtur
546 1257 633 1316 esse,
662 1237 762 1320 paulo
791 1237 992 1320 frequentior
1021 1238 1185 1304 invenitur
1212 1240 1301 1324 apud
1325 1241 1524 1306 Venantium

388 1347 614 1428 Fortunatum,
637 1348 693 1432 qui
714 1347 765 1414 his
786 1349 868 1414 locis
890 1369 962 1414 eam
984 1350 1169 1434 usurparit:
1191 1351 1248 1431 Ill,
1270 1357 1299 1432 4,
1322 1357 1341 1417 3
1364 1352 1413 1417 ed.
1436 1351 1522 1418 Leo:

386 1457 560 1524 credebam
573 1507 661 1524 .....
674 1458 823 1526 fluxisset
845 1461 951 1526 oratio
972 1460 1069 1544 spiris
1087 1461 1278 1528 intertexta:
1302 1463 1339 1544 V,
1364 1467 1391 1542 l,
1415 1468 1449 1528 l:
1472 1463 1523 1528 in·

386 1570 538 1637 dicans..
553 1620 559 1636 .
574 1571 673 1638 .deus
699 1571 882 1656 plantasset
911 1572 1072 1658 Elysium,
1108 1573 1142 1638 in
1175 1595 1240 1657 quo
1271 1573 1387 1640 fortior
1415 1574 1524 1640 Adam

387 1682 547 1748 ...ditior
568 1683 708 1765 viveret,
730 1684 767 1762 V,
797 1689 845 1763 14,
870 1688 926 1749 13:

489 1813 525 1859 se
546 1793 687 1860 voluisse
709 1795 788 1861 dare
811 1799 844 1860 et
864 1795 1010 1862 iurantes
1032 1795 1144 1862 ordine
1166 1801 1267 1862 testes

489 1905 618 1972 nomine
642 1926 802 1990 quemque
824 1911 947 1987 tenens,
970 1928 1030 1973 nec
1049 1908 1210 1991 potuisset
1232 1929 1346 1992 egens,

387 2017 427 2098 X,
450 2023 478 2097 3,
501 2023 537 2084 4:
559 2025 749 2103 sperantes.
764 2068 771 2084 .
784 2070 792 2084 .
805 2069 812 2084 .
826 2019 867 2084 de
882 2023 991 2085 vestro
1006 2019 1154 2085 caritatis
1168 2019 1290 2086 affectu
1301 2020 1523 2087 humilitatem

386 2134 532 2195 nostram
544 2179 634 2196 .....
648 2130 897 2212 commendetis3
919 2132 973 2197 rit
997 2129 1028 2196 S.
1051 2129 1182 2196 Martin.
1204 2132 1258 2212 IV,
1281 2137 1360 2198 289:

489 2242 666 2325 respondit,
689 2243 741 2308 cui
763 2264 843 2308 cura
867 2242 930 2309 fuit
954 2243 1126 2308 commissa
1146 2243 1303 2322 minister,

490 2375 525 2419 se
546 2359 617 2421 tcto
638 2354 786 2440 piscante
809 2354 863 2420 dis
885 2359 1024 2439 captura
1044 2373 1180 2438 negasse

489 2466 595 2552 (codd.
621 2467 647 2532 Β
670 2471 703 2533 et
724 2467 766 2533 L:
786 2469 959 2552 negasset).

386 2577 483 2643 Cuius
497 2579 747 2644 constructionis
768 2579 864 2645 initia
884 2600 905 2644 a
925 2578 1137 2664 promittendi
1148 2578 1386 2663 pollicendique
1409 2581 1520 2646 verbis

385 2688 536 2774 profecta
554 2689 705 2756 ridentur
729 2691 805 2757 inde
827 2691 986 2775 originem
1005 2690 1162 2770 traxisse,
1190 2691 1277 2775 quod
1299 2690 1349 2756 his
1372 2693 1522 2758 enuntia·

385 2801 491 2868 tiones
521 2802 760 2870 condicionales
797 2804 986 2888 saepissime
1022 2801 1215 2868 subiunctas
1251 2808 1342 2883 sunt,
1380 2823 1521 2886 quarum

385 2916 596 2982 construendi
616 2916 723 2982 forma
744 2915 826 2981 adeo
856 2915 965 2982 valida
986 2915 1155 2999 scriptoris
1175 2915 1210 2980 in
1232 2916 1339 2980 animo
1362 2919 1451 2996 erat,
1481 2921 1522 2982 ut

386 3027 486 3092 etiam
506 3028 731 3111 insequentem
753 3027 1005 3094 enuntiationem
1029 3027 1063 3091 in
1082 3026 1168 3092 hanc
1183 3026 1322 3093 formam
1344 3025 1519 3110 redigeret.

418 3145 422 3152 '
472 3137 619 3205 Alteram
641 3143 750 3204 autem
772 3158 884 3205 aarum
906 3139 1192 3218 constructionum,
1216 3138 1257 3204 de
1279 3137 1398 3221 quibus
1419 3160 1522 3223 supra

386 3251 723 3332 commemoravimus,
751 3249 911 3317 habemus
942 3251 978 3316 in
1004 3250 1136 3317 fabulae
1166 3249 1275 3315 XXIX
1299 3270 1394 3315 versu
1423 3249 1520 3316 XXI:

488 3361 572 3442 nolo,
596 3363 652 3443 ait,
674 3367 712 3428 ut
731 3363 851 3429 nostris
872 3383 1016 3446 unquam
1040 3362 1233 3428 successerit
1254 3361 1367 3442 antris,

488 3485 556 3540 tam
579 3474 709 3541 diversa
731 3475 795 3540 duo
818 3475 875 3558 qui
897 3475 993 3540 simul
1015 3495 1074 3540 ora
1095 3475 1197 3556 ferat3

386 3587 535 3670 sasaim
561 3591 743 3665 structura,
773 3608 839 3670 qua
869 3608 889 3652 a
911 3586 1010 3652 verbo
1041 3585 1134 3652 ‘nolo'
1157 3585 1340 3650 coniunctio
1362 3585 1418 3651 ‘ut’
1441 3591 1522 3669 apta

386 3703 444 3778 est,
464 3703 532 3764 tam
543 3719 628 3764 nova
639 3703 689 3764 est
704 3702 802 3781 atque
819 3699 976 3779 inaudita,
992 3697 1224 3781 utDraegerus
1236 3696 1323 3782 (hist.
1337 3697 1425 3781 Synt.
1442 3697 1473 3761 Il
1486 3719 1520 3781 p.

386 3814 447 3875 249
456 3810 553 3893 med.)
565 3830 637 3875 eam
647 3811 785 3875 inveniri
798 3815 903 3894 neget.
930 3811 1050 3876 Verum
1064 3814 1229 3875 extremae
1236 3808 1424 3874 Latinitatis
1438 3813 1521 3880 tem·
1538 3856 1541 3860 -

384 3920 520 4004 poribus
547 3922 606 3987 illa
636 3923 834 3987 constructio
864 3922 1005 4004 exstitit;
1035 3926 1134 4004 atque
1159 3920 1222 3985 hac
1252 3941 1304 3999 re,
1332 3941 1398 4003 qua
1419 3919 1522 3985 fuerit

383 4031 549 4098 fabulator
571 4033 626 4099 ille
648 4039 767 4114 aetate,
790 4033 1047 4115 demonstratur3
1071 4053 1147 4097 nam
1168 4033 1354 4115 Drasgerus
1376 4032 1521 4097 omnium

385 4145 597 4227 scriptorum,
622 4146 679 4228 qui
700 4166 803 4229 usque
824 4146 867 4211 ad
889 4145 1054 4210 saeculum
1077 4147 1229 4228 quartum
1251 4143 1355 4208 iniens
1377 4143 1521 4224 fuerunt,

383 4254 485 4328 libros
507 4257 683 4349 perlegisse
715 4278 750 4326 se
772 4277 877 4346 neque
900 4261 1010 4322 tamen
1031 4255 1132 4322 ullum
1154 4255 1243 4323 illius
1265 4255 1313 4322 rei
1335 4255 1520 4340 exemplum
