3362 5104
779 449 993 512 „33-

322 627 399 700 809,
421 620 451 698 Ι,
476 618 768 701 123-5515115,
797 617 818 681 f.
842 622 878 696 2,
910 623 967 699 13,
990 618 1112 701 quieti:
1132 617 1152 682 f.
1179 625 1211 698 1,
1236 626 1271 700 5,
1295 620 1456 703 quietem:

321 732 342 796 f.
368 738 396 811 6,
419 737 454 811 9,
478 731 640 814 quietam:
662 730 683 794 1.
707 736 762 810 18,
788 735 826 794 15
849 762 893 784 =
915 730 1058 814 quietas:
1081 732 1117 795 Α.
1138 731 1185 810 Χ,
1209 737 1265 813 71,
1296 733 1459 814 quietem:

322 845 358 909 A.
382 843 420 925 X,
444 848 505 907 217
514 867 521 923 ,
544 843 596 908 all.
618 879 661 891 --
681 846 810 907 aratra:
832 841 861 907 .f.
887 847 934 922 12,
959 848 994 923 3,
1027 848 1155 907 aratro:
1178 842 1198 907 f.
1222 849 1272 923 28,
1297 851 1330 924 5,
1359 845 1381 908 1.
1407 850 1458 924 36,

323 961 341 1022 9
366 987 409 1009 =
432 959 560 1020 aratro:
590 975 618 1037 g.
641 954 688 1033 ΙΙ,
716 959 794 1035 513,
826 954 862 1023 Α.
886 954 949 1034 IX,
977 959 1055 1035 435,
1086 960 1214 1021 aratra:
1242 976 1270 1038 g.
1292 956 1357 1036 ΠΙ,
1378 961 1459 1038 519,

322 1068 456 1133 aratris:
492 1066 529 1130 Α.
551 1067 627 1146 VH,
659 1071 735 1146 539,
765 1065 817 1131 511.
845 1105 885 1114 -
916 1069 1083 1150 cruore¹):
1115 1067 1135 1132 f.
1166 1073 1203 1147 9,
1235 1073 1274 1133 13
1295 1100 1339 1121 =
1360 1070 1397 1132 A.
1421 1070 1460 1148 V,

322 1184 402 1246 469:
426 1199 583 1244 cruorem.
605 1215 649 1227 -
671 1198 858 1244 recurrens:
888 1179 909 1244 f.
933 1185 962 1259 6,
986 1185 1004 1244 3
1026 1211 1070 1234 =
1091 1181 1129 1245 A.
1150 1180 1219 1260 Vll,
1244 1185 1313 1246 100.
1338 1202 1461 1264 -per

322 1313 437 1358 auras:
459 1290 479 1356 1.
504 1297 533 1370 8,
557 1297 575 1358 5
597 1323 641 1345 =
662 1291 699 1355 A.
722 1290 775 1370 VI,
798 1296 857 1373 82,
882 1295 958 1372 194,
982 1291 1058 1372 VII,
1082 1296 1160 1372 543,
1185 1292 1277 1372 VIII,
1301 1297 1380 1375 535;
1403 1292 1457 1357 all.

324 1442 363 1452 -
387 1403 429 1469 55
451 1423 564 1468 aurae:
586 1402 608 1466 1.
634 1407 683 1483 20,
706 1407 725 1467 3
747 1435 791 1456 --
813 1405 849 1467 A.
872 1403 926 1484 VI,
950 1408 1028 1484 554,
1052 1408 1131 1484 761,
1155 1403 1224 1483 VH,
1247 1409 1319 1470 466.

410 1515 475 1582 Sed
504 1514 684 1581 55151551
712 1514 894 1580 imitatione
915 1514 1102 1598 Vergiliana
1132 1515 1212 1580 55115
1240 1514 1363 1581 dictum
1393 1521 1461 1598 551,

326 1627 483 1712 exemplis
506 1628 591 1692 enim
618 1626 747 1692 abunde
778 1625 886 1694 allatis
917 1626 1065 1692 docuisse
1091 1627 1185 1692 nobie
1206 1631 1306 1711 atque
1325 1628 1461 1694 evicisse

322 1740 488 1819 videmur,
519 1759 617 1822 qnam
645 1739 748 1803 multa
777 1759 794 1803 e
824 1737 959 1822 Vergilii
984 1737 1182 1804 carminibus
1210 1738 1376 1805 fabulator
1398 1739 1462 1805 'ille

323 1852 493 1936 repetierit
523 1856 556 1916 et
585 1855 708 1934 quanta
739 1850 908 1934 diligentia
933 1855 966 1916 et
995 1851 1029 1915 in
1057 1871 1205 1916 sermone
1228 1851 1461 1918 conformando

324 1969 358 2030 51
380 1965 414 2029 15
435 1961 583 2028 versibus
613 1963 793 2047 pangendis
815 1961 950 2046 Vergilii
979 1963 1117 2045 vestigia
1144 1961 1309 2047 presserit.
1353 1965 1462 2048 Atque

322 2077 357 2142 id
382 2075 513 2160 quidem
540 2074 602 2140 hoc
631 2075 738 2159 capite
760 2078 963 2160 pertractato
986 2073 1132 2140 effecisse
1154 2095 1205 2139 me
1229 2075 1395 2155 existimo,
1423 2082 1463 2141 ut

324 2208 436 2254 eorum
459 2187 662 2266 sententiam,
685 2187 741 2270 qui
762 2186 955 2252 nobiliorem
970 2186 1132 2271 quendem
1146 2186 1352 2269 antiquitatis
1375 2187 1461 2253 colo-

323 2322 392 2365 rem
414 2300 449 2364 15
468 2299 519 2364 his
534 2297 655 2364 fabulis
674 2303 853 2378 senserunt,
877 2299 1074 2382 corrigerem
1096 2302 1130 2363 et
1151 2298 1312 2380 quomodo
1333 2299 1462 2364 intelle-

325 2412 464 2496 gendum
477 2415 571 2490 esset,
591 2410 679 2495 5555
690 2410 779 2476 haud
796 2410 909 2494 paucis
923 2409 1003 2476 15515
1015 2409 1153 2494 pulchra
1167 2409 1335 2494 nitidaque
1352 2411 1462 2495 perlu-

327 2528 446 2604 cerent,
463 2523 667 2607 explicarem.
704 2522 803 2589 Vides
816 2504 916 2606 igitur
931 2523 996 2587 iam
1011 2525 1213 2606 quantopere
1230 2521 1278 2586 illi
1290 2522 1353 2587 hoc
1366 2544 1464 2588 55555

327 2635 456 2719 5555511
487 2635 682 2714 erraverint,
719 2657 792 2699 cum
823 2633 911 2699 51155
941 2633 1105 2699 saeculum
1135 2632 1275 2698 alterum
1303 2635 1462 2700 Avianum

325 2747 417 2814 evehi
446 2767 541 2830 posse
570 2750 745 2829 negarent,
774 2767 855 2810 nam·
881 2750 969 2810 certe
995 2745 1118 2810 utiam
1143 2744 1264 2810 multas
1286 2747 1319 2810 in
1340 2747 1402 2811 hoc
1423 2747 1463 2811 li-

325 2859 411 2925 bello
424 2859 530 2924 inesse
546 2858 685 2923 vidimus
696 2880 749 2923 res
766 2859 929 2937 metricae,
953 2879 1037 2941 5555
1053 2857 1214 2941 superiori
1229 2878 1326 2941 quam
1343 2865 1462 2942 555515

327 2973 480 3055 quintove
503 2971 633 3036 5555515
660 2971 762 3036 151151
783 2993 847 3036 555
869 2975 1022 3054 5555551,
1052 2971 1099 3034 115
1128 2970 1162 3033 15
1186 2990 1332 3035 sermone
1355 2975 1463 3036 15151

325 3089 438 3149 155155
461 3105 514 3148 555
535 3083 742 3147 inveniuntur
765 3083 874 3166 quarti
897 3082 1066 3166 quintique
1089 3081 1211 3146 5555511
1235 3082 1403 3165 55555155,
1426 3087 1463 3148 51

326 3195 377 3260 hie
405 3195 534 3260 indiciis
565 3195 746 3260 certissima
775 3195 839 3259 1155
868 3192 1033 3260 51155515
1063 3194 1162 3258 liceat
1194 3193 1238 3258 ad
1266 3192 1462 3260 fabulatoris

327 3307 414 3372 illius
442 3311 584 3372 aetatem
615 3307 847 3372 definiendam:
879 3306 921 3371 ad
950 3326 1031 3389 5555
1060 3327 1113 3370 555
1144 3305 1334 3370 1555155555
1363 3311 1463 3389 51555

327 3419 540 3484 111551555555
561 3441 648 3484 5555
669 3420 810 3484 15555155
831 3419 865 3484 15
887 3419 994 3483 animo
1017 3422 1075 3482 est.

413 3531 460 3594 Ac
482 3531 623 3614 primum
650 3531 780 3614 quidem
807 3531 841 3594 id
870 3530 956 3614 quod
978 3529 1072 3594 nobis
1094 3529 1322 3612 proposuimus
1345 3528 1462 3594 docen-

327 3643 403 3708 dum
417 3643 659 3708 demonstratur
671 3664 710 3708 ea
725 3665 769 3722 re,
785 3643 872 3725 quod
889 3641 1062 3706 nonnullae
1078 3661 1173 3706 voces
1187 3641 1221 3705 in
1237 3641 1352 3705 Aviani
1369 3640 1462 3705 fabu-

325 3754 366 3819 lis
382 3755 599 3834 inveniuntur,
622 3755 741 3838 quibus
763 3775 856 3819 nemo
880 3753 1074 3836 scriptorum
1091 3753 1311 3816 Romanorum
1333 3752 1462 3816 saeculo

328 3871 445 3949 quarto
465 3867 614 3949 superior
629 3887 707 3931 5555
719 3887 789 3930 5555
804 3865 941 3946 videtur.
974 3864 1078 3928 Huius
1091 3869 1200 3928 autem
1217 3863 1264 3928 rei
1280 3863 1462 3947 exemplum

399 4074 421 4142 1)
440 4073 520 4126 Hunc
547 4073 618 4126 enim
637 4087 744 4126 versum
764 4088 778 4126 e
797 4072 952 4125 coniectura
970 4068 1005 4124 ab
1023 4068 1139 4123 Aemssio
1159 4069 1300 4124 Baehrens
1319 4069 1464 4138 proposita

327 4162 367 4214 sic
384 4158 580 4214 restituendum
599 4173 674 4212 esee:

431 4261 521 4300 verum
542 4244 590 4300 ubi
608 4249 737 4299 concreto
756 4244 899 4312 riguerunt
917 4243 1040 4298 membra
1058 4257 1154 4296 cruore

327 4333 380 4387 iam
398 4347 483 4400 supra
501 4331 626 4387 55551555
644 4330 724 4386 nobie
742 4329 873 4386 videmur.
