3362 5104
652 471 695 484 ..
739 436 866 500 29,-

274 607 343 673 Neo
364 607 480 686 minus,
503 628 543 671 ne
563 606 651 672 ultra
671 607 836 672 saeculnm
858 612 1010 690 quartum
1024 607 1198 672 evehamus
1211 608 1326 674 Avieni

190 726 348 800 aetatem,
378 717 590 804 prohibemur
619 719 683 784 alio
706 712 824 802 genere
846 719 1054 798 indiciorum,
1087 739 1171 802 quae
1195 720 1326 802 quidem

188 834 222 897 in
244 852 391 897 sermone
413 831 622 896 inveniuntur
644 837 676 895 et
698 831 740 895 ad
764 851 847 914 quae
862 831 1036 896 tractanda
1057 832 1164 915 capite
1177 833 1325 915 proximo

190 945 346 1010 accedere
368 944 402 1006 in
424 942 531 1007 animo
555 949 612 1006 est.

278 1058 325 1120 Ac
356 1055 495 1138 primum
527 1039 657 1136 quidem
690 1055 723 1118 in
755 1055 940 1119 universum
971 1055 1010 1120 de
1042 1075 1189 1120 sermone
1213 1055 1328 1125 Aviani

188 1188 296 1251 pauca
317 1187 448 1231 monere
471 1166 691 1230 necessarium
713 1166 858 1247 videtur,
889 1187 965 1230 nam
989 1187 1026 1231 eo
1049 1165 1171 1231 factum
1195 1173 1260 1246 est,
1290 1173 1327 1232 ut

190 1279 285 1345 multi
306 1273 349 1342 in‘
360 1277 476 1343 falsam
508 1277 548 1342 de
568 1276 764 1343 fabulatoris
785 1277 872 1343 illius
895 1283 1003 1343 aetate
1025 1278 1209 1362 opinionem
1232 1279 1327 1344 sedu-

191 1395 351 1456 cerentur.
397 1389 515 1456 Omnes
538 1390 638 1469 enim,
669 1391 725 1472 qui
747 1389 843 1454 alteri
873 1411 904 1473 p.
928 1389 1001 1454 chr.
1024 1412 1054 1455 n.
1078 1389 1207 1455 saeculo
1231 1391 1326 1455 Avia·

191 1523 267 1568 num
298 1502 562 1584 assignaverunt,
593 1505 630 1565 ut
660 1501 692 1565 id
722 1501 971 1584 contenderent,
1001 1502 1080 1567 moti
1110 1507 1186 1566 sunt
1216 1522 1255 1567 ca
1282 1523 1327 1580 re,

191 1615 278 1698 quod
302 1615 336 1678 in
359 1613 409 1677 his
428 1611 548 1678 fabulis
563 1612 753 1677 nobiliorem
776 1613 938 1695 quendam
961 1614 1165 1696 antiquitatis
1188 1615 1328 1679 colorem

190 1746 251 1790 nec
272 1725 387 1809 paucis
413 1724 493 1790 locis
523 1723 661 1807 pulchre
690 1724 859 1807 nitidaque
881 1727 1084 1809 perlucentia
1107 1727 1245 1790 sensisse
1266 1726 1329 1790 sibi

192 1838 254 1902 visi
276 1841 359 1901 sunt.
373 1838 397 1920 ¹)
441 1835 555 1919 Neque
578 1835 693 1916 horum
717 1836 860 1901 virorum
885 1837 1054 1903 doctorum
1078 1857 1191 1903 sensus
1213 1837 1329 1922 decep-

190 1955 247 2014 tus
270 1952 334 2029 est,
364 1948 452 2031 qnod
482 1953 592 2013 tamen
615 1968 678 2012 non
700 1946 757 2012 illo
779 1949 906 2014 ratione
929 1949 1172 2033 explicandum,
1202 1949 1260 2014 sed
1282 1948 1330 2013 ita

192 2060 445 2143 intellegendum
476 2064 541 2138 est,
576 2065 612 2125 ut
640 2080 764 2124 summo
792 2059 900 2124 studio
930 2081 969 2125 ao
997 2061 1165 2144 diligentia
1195 2061 1330 2143 Vergilii

194 2173 341 2236 carmina
363 2172 516 2254 relegisse
546 2176 644 2254 atque
674 2172 835 2236 imitatum
867 2193 936 2236 esse
958 2173 1115 2238 Avianum
1139 2177 1330 2251 statuamus,

188 2285 223 2350 id
248 2285 334 2368 quod
365 2287 397 2348 et
426 2305 465 2348 ex
494 2282 677 2348 rationibus
699 2283 860 2348 nonnullis
883 2285 1026 2349 metricis
1055 2291 1088 2348 et
1120 2305 1160 2348 ex
1189 2288 1259 2349 toto
1282 2284 1330 2348 di-

190 2396 286 2461 cendi
309 2415 426 2478 genere
458 2395 572 2460 elucet.
617 2395 747 2473 Quanta
777 2400 886 2460 eutem
911 2395 1080 2478 diligentia
1104 2395 1238 2478 Vergilii
1259 2415 1329 2460 ves-

188 2509 272 2590 tigia
309 2507 468 2590 presserit
506 2511 540 2570 et
583 2526 681 2588 quam
717 2507 835 2595 multa¹
857 2506 1000 2589 Vergilio
1036 2507 1230 2592 deprompta
1267 2507 1331 2572 sibi

191 2620 421 2702 assumpserit,
453 2617 608 2702 exemplis
639 2617 819 2683 subiunctis
850 2618 991 2683 ridebis:
1029 2640 1103 2683 nam
1136 2625 1168 2684 et
1198 2619 1361 2702 Vergilii·

188 2751 321 2810 verene,
353 2750 435 2812 quos
458 2730 605 2795 imitatus
628 2737 678 2795 cst
699 2731 859 2808 Avienus,
891 2735 923 2793 et
948 2731 1062 2795 Aviani
1088 2731 1191 2814 ipsius
1219 2751 1331 2796 versus

191 2842 442 2925 composuimus.

277 2953 347 3018 lam
383 2952 523 3037 primum
557 2958 644 3019 totos
677 2974 789 3019 versus
827 2959 859 3017 et
897 2952 1121 3034 hemistichia,
1152 2975 1236 3036 quae
1271 2961 1329 3019 aut

190 3065 314 3130 eisdem
351 3064 458 3130 verbis
491 3065 709 3140 terminantur
745 3070 803 3130 aut
840 3064 969 3130 omnino
1007 3065 1167 3130 simillime
1201 3065 1330 3144 cadunt,

190 3177 327 3259 Vergilii
366 3175 565 3242 carminibus
592 3177 734 3241 Avienus
764 3177 981 3260 deprompsit3
1022 3177 1113 3241 ouius
1140 3177 1331 3242 imitationis

193 3288 327 3371 egregia
349 3287 497 3370 exempla
519 3287 621 3353 habes
646 3287 743 3352 haec:

297 3398 318 3463 f.
343 3406 379 3479 5,
411 3406 445 3465 9:
479 3405 531 3464 ast
554 3399 610 3464 ubi
632 3399 788 3464 terribilis
810 3400 908 3466 mimo
922 3399 949 3484 2)
979 3400 1193 3465 circumstetit
1215 3400 1332 3466 horror

190 3636 308 3678 necesse
333 3629 376 3678 eat
402 3627 554 3678 emtuamus
581 3622 655 3677 vocis
681 3622 810 3678 ‘alterius’
835 3622 967 3692 syllabam
992 3621 1114 3677 ultimam
1140 3624 1210 3679 arsia
1236 3623 1262 3676 vi
1280 3623 1333 3678 hoe

190 3710 254 3762 loco
273 3708 405 3762 Arionem
430 3707 601 3776 produxisse.
637 3708 783 3765 Praeterea
809 3715 839 3764 ut
862 3709 916 3762 hoc
934 3721 1108 3776 censeamur,
1137 3723 1335 3764 commoremur
1447 3770 1449 3774 ,

188 3810 224 3849 ea
241 3810 281 3862 re,
300 3792 374 3862 quod
391 3795 421 3848 in
442 3795 492 3848 ‘us'
511 3793 618 3862 syllaba
636 3793 712 3849 finali
729 3792 800 3849 hanc
818 3794 1023 3862 productionem
1043 3793 1182 3849 fabulator
1200 3794 1333 3862 adhibuit,

188 3895 255 3935 nam
273 3894 404 3935 caesurae
431 3894 541 3948 quoque
567 3879 592 3933 vi
619 3879 720 3934 nullam
747 3879 805 3935 iere
825 3880 906 3935 aliam
925 3879 1057 3950 syllabam
1075 3879 1197 3935 extendit
1223 3880 1276 3934 nisi
1305 3881 1333 3934 in

190 3965 244 4021 ‘us’
262 3972 413 4022 exeuntem.

262 4054 286 4120 1)
305 4050 340 4105 cf.
360 4051 523 4106 Fischerum
541 4051 575 4106 dc
595 4051 720 4107 Phaedro
740 4052 852 4120 eiusque
869 4041 955 4107 fabulss
974 4051 1097 4121 prolusio
1114 4068 1139 4108 a.
1160 4053 1226 4108 1747
1244 4067 1271 4121 p.
1291 4054 1332 4124 53,

187 4156 232 4208 sq.
251 4143 279 4193 et
296 4137 518 4205 Lachmannum,
547 4136 580 4190 de
609 4137 710 4192 iabulis
730 4138 826 4192 Aviani
845 4153 940 4206 opusc.
959 4138 1001 4192 ed.
1020 4138 1126 4193 Vahlen
1148 4137 1176 4192 ΙΙ
1194 4151 1221 4206 p.
1241 4141 1272 4191 51
1293 4153 1324 4205 sq

261 4226 287 4292 2)
307 4223 400 4278 codd:
420 4223 527 4289 anim03
546 4223 645 4278 ‘mimo’
663 4223 746 4278 lectio
764 4239 781 4277 a
799 4224 998 4291 Cannegietero
1017 4225 1164 4292 restituta;
1181 4223 1230 4278 sed
1248 4224 1334 4292 magis

189 4327 226 4367 ea
243 4311 394 4365 emendatio
414 4309 512 4379 placet,
529 4325 610 4376 quam
627 4311 773 4380 proposuit
787 4308 967 4365 Schenkelius
985 4313 1012 4379 (l.
1033 4326 1056 4364 c.
1073 4327 1099 4378 p.
1119 4311 1171 4364 402
1189 4307 1254 4378 fin),
1273 4325 1333 4366 cum
