3362 5104
828 448 1040 510 ..54-

364 615 494 682 videtur
515 615 633 695 fuisse,
656 637 722 698 qua
742 637 779 680 re
800 614 905 695 idem,
936 616 1023 698 quod
1044 617 1109 680 iam
1130 617 1260 699 saepius
1280 616 1496 698 cognovimus,

365 727 609 794 demonstratur
645 727 776 793 infimae
813 727 1001 793 Latinitatis
1040 727 1242 812 temporibus
1279 727 1497 795 fabulatorem

362 841 455 907 illum
477 839 636 906 flondsse.

450 952 519 1018 Nec
541 952 650 1019 minus
668 950 810 1036 probata
828 951 972 1036 tritaque
992 950 1059 1016 alia
1081 952 1288 1032 constructio,
1309 972 1394 1035 quae
1414 952 1499 1017 infe·

363 1065 460 1131 rioris
483 1069 612 1130 tantum
633 1064 705 1130 aeri
726 1069 786 1143 est,
807 1059 932 1128 'Avieno
954 1063 1083 1128 videtur
1103 1062 1223 1143 fuisse,
1255 1064 1375 1148 quippe
1398 1085 1497 1147 quarn

364 1181 483 1262 quater
503 1176 538 1242 in
559 1181 628 1242 tam
650 1176 768 1258 exiguo
782 1175 893 1240 libello
909 1174 1093 1256 admiserit3
1116 1174 1189 1240 dico
1212 1176 1297 1240 enim
1318 1175 1498 1242 dictionum

364 1288 655 1355 conformationem
677 1308 759 1368 eam,
781 1309 848 1372 qua
869 1308 890 1350 a
904 1285 1012 1352 verbis
1027 1286 1186 1352 sentiendi
1200 1287 1253 1353 rel
1273 1287 1402 1353 dicendi
1421 1310 1498 1354 con-

361 1401 560 1466 iunctionem
598 1399 705 1485 ‘quod'
744 1421 818 1465 cum
850 1398 1034 1482 insequenti
1069 1397 1271 1464 coniunctiro
1302 1401 1498 1484 pendentem

361 1512 457 1594 fecit3
494 1511 535 1578 dc
575 1533 642 1597 qua
678 1515 845 1577 structura
876 1509 1025 1576 conferas
1051 1509 1164 1590 velim,
1199 1531 1284 1594 quae
1318 1511 1499 1597 disputavit

362 1623 549 1710 Draegerus
571 1623 699 1710 (histor.
716 1624 840 1710 Syntax
863 1621 1171 1706 dlat.spr.11p.
1194 1627 1255 1688 223
1270 1625 1363 1709 sqq).
1400 1625 1499 1708 Apud

362 1737 523 1803 Asianum
545 1741 657 1803 autem
678 1734 827 1820 exempla
847 1733 1006 1800 habemus
1026 1734 1124 1799 haec:

466 1847 488 1913 l
514 1854 542 1929 1,
567 1854 662 1931 leq:
684 1847 809 1913 rustica
825 1846 997 1912 deflentem
1011 1867 1149 1931 parvum
1161 1847 1350 1930 iurgarerat
1362 1848 1387 1932 ¹)
1409 1847 1497 1928 olim,

672 1960 707 2025 ni
727 1963 847 2039 taceat,
867 1956 984 2023 rabido
1005 1958 1093 2041 quod
1114 1957 1201 2023 foret
1221 1979 1297 2023 esca
1315 1958 1402 2042 lupo.

466 2071 488 2136 t'.
504 2077 533 2154 6,
546 2078 565 2139 3
578 2093 663 2157 sqq:
680 2071 724 2137 ad
735 2091 871 2155 superos
885 2070 984 2135 colles
995 2069 1200 2152 herbosaque
1211 2077 1310 2155 prata
1326 2091 1498 2138 recurrens

671 2182 837 2248 mulcebat
856 2182 993 2247 miseras
1015 2181 1147 2265 turgida
1168 2202 1251 2246 rana
1271 2181 1367 2262 feras,

671 2293 1007 2379 callidaqucdpcsset
1014 2292 1366 2376 gravibussuccnrrere
1374 2294 1498 2361 morbis

671 2411 705 2473 et
725 2407 826 2472 vitam
845 2405 975 2490 ingenio
996 2406 1186 2470 continuare
1207 2425 1275 2470 suo.

465 2519 486 2584 f.
510 2525 560 2600 25,
585 2525 623 2586 15
637 2541 700 2603 sq.:
721 2518 860 2604 perdita,
883 2517 1029 2602 quisquis
1045 2518 1117 2597 erit
1138 2521 1214 2603 post
1227 2516 1310 2583 haec
1330 2516 1413 2583 bene
1425 2518 1497 2601 pal·

1081 2629 1127 2693 lia
1149 2629 1271 2709 credat,

672 2743 729 2826 qui
742 2747 840 2828 putat
860 2743 894 2807 in
914 2741 1048 2824 liquidis
1070 2740 1157 2824 quod
1177 2746 1373 2807 nataturus
1393 2741 1496 2808 radis.

465 2855 486 2920 t'.
510 2861 560 2936 35,
585 2861 682 2939 lsq.:
706 2854 795 2919 fama
816 2859 875 2934 cst,
896 2853 984 2937 quod
1004 2853 1166 2937 geminum
1180 2853 1379 2938 profundens
1401 2854 1497 2919 simia

1082 2969 1214 3049 partum

671 3078 796 3144 dividat
816 3078 849 3142 in
872 3077 979 3142 varias
1000 3078 1139 3162 pignore
1159 3083 1238 3142 nata
1258 3078 1354 3142 nicee.

360 3189 420 3255 His
443 3194 531 3256 certe
551 3189 641 3270 locis,
665 3191 743 3274 quin
759 3189 847 3255 ultra
865 3193 1019 3272 quartum
1035 3189 1200 3254 saeculum
1216 3189 1331 3254 Aviani
1353 3195 1495 3254 aetatem

361 3301 545 3382 evehamus,
566 3301 794 3386 prohibemur;
817 3322 893 3366 nam
912 3300 994 3366 haec
1016 3301 1214 3366 constructio
1238 3301 1300 3366 etsi
1320 3301 1386 3365 iam
1407 3302 1496 3385 apud

431 3459 456 3524 1)
475 3455 568 3512 codd:
592 3455 747 3524 iuraverat;
771 3455 956 3511 cabellarius:
982 3456 1155 3524 iurgarerat,
1173 3470 1254 3523 quam
1275 3455 1494 3511 emendationem

359 3542 466 3612 recepit
483 3542 668 3597 Frochneros.
703 3541 824 3597 Eandem
842 3557 907 3597 vcro
927 3545 959 3596 ut
976 3558 994 3596 a
1010 3541 1121 3610 linguae
1139 3541 1254 3596 Latinae
1271 3540 1361 3596 indole
1379 3541 1496 3596 alienam

358 3627 457 3682 reiecit
474 3628 605 3683 Aemilius
623 3627 765 3682 Baehrens
783 3627 905 3695 (miscell.
925 3627 986 3682 crit.
1006 3645 1033 3697 p.
1053 3629 1129 3696 180),
1152 3644 1212 3682 cnm
1230 3628 1350 3695 ‘iurgare
1368 3627 1495 3695 aliquem’

359 3714 503 3769 lectionem
527 3729 680 3783 agnoscere
697 3714 876 3770 Latinitatem
900 3717 1022 3784 negaret
1058 3716 1186 3770 Attamen
1204 3713 1335 3769 Horatius
1352 3713 1401 3767 illa
1418 3714 1495 3769 loco-

359 3798 435 3855 tione
453 3813 519 3854 nsos
536 3807 579 3855 ast
597 3804 648 3856 sat.
667 3799 702 3867 11,
720 3801 746 3868 2,
763 3801 797 3854 99
807 3814 866 3869 sq.:

668 3886 736 3954 iure,
754 3885 852 3955 inquit,
871 3885 1001 3941 Transius
1018 3884 1079 3941 istis

367 4055 421 4108 quo
441 4039 503 4094 loco
528 4041 555 4094 in
572 4039 620 4094 illa
645 3972 1059 4096 loffdlldllrelllrcldls'sententia
1081 4044 1123 4094 est
1148 4055 1218 4108 quae
1236 4039 1290 4094 hoc
1308 4041 1402 4094 Aviani
1421 4040 1495 4109 loco,

359 4131 391 4179 nt
406 4125 513 4181 valeat:
533 4125 696 4193 obiurgar03
714 4131 859 4194 praeterea
871 4125 924 4181 hac
936 4143 966 4182 rc
977 4126 1123 4182 Gabeliavii
1137 4127 1295 4180 coniectura
1305 4125 1496 4195 confirmatur,

358 4208 442 4351 33?
456 4210 645 4350 efodlrgmssvitio
672 4212 828 4281 perscripta
851 4212 979 4282 leguntur
1005 4213 1033 4266 in
1051 4212 1124 4268 libro
1143 4211 1178 4267 P:
1202 4213 1318 4268 temina:
1346 4211 1364 4266 1.
1385 4215 1434 4282 15,
1461 4216 1495 4282 7;

437 4337 443 4348 .
473 4337 480 4350 .
534 4336 541 4365 ,
576 4335 584 4351 .
