3362 5104
683 471 898 531 ..11-

225 640 315 705 simis
330 639 417 733 vitiis
433 637 653 703 liberarentur
671 643 703 702 et
721 659 803 721 quae
825 638 867 703 ab
885 639 957 703 aliis
973 639 1123 704 manibus
1138 639 1359 718 accessissent,

222 754 476 816 removerentur.
520 750 563 814 Et
599 770 697 832 quam
724 730 884 814 rationem
913 751 946 815 in
974 749 1094 815 fabulis
1116 749 1181 814 illis
1204 755 1359 833 quattuor

226 862 407 928 emendatis
427 862 593 945 ingressus
611 866 691 940 erat,
715 853 850 926 eandem
866 861 940 926 iniit
955 861 1183 926 Lachmannus
1195 863 1228 926 in
1250 861 1359 927 libello

222 974 338 1039 Aviani
361 972 502 1049 edendo,
534 993 618 1056 quae
648 972 747 1037 editio
770 973 875 1038 minus
906 994 1003 1056 quam
1036 975 1137 1037 aeteri
1158 973 1359 1038 Lachmanni

222 1085 299 1150 libri
322 1084 400 1149 viris
421 1084 524 1148 doctis
546 1083 689 1168 probata
711 1085 806 1167 est1).

307 1196 434 1260 Primus
457 1201 565 1260 autem
586 1195 671 1260 hano
683 1195 883 1260 Lachmanni
904 1197 1098 1261 sententiam
1119 1196 1236 1260 leniter
1254 1196 1358 1280 impu-

221 1309 332 1392 gnavit
354 1307 587 1390 Hertzbergius
614 1307 647 1371 in
677 1309 864 1372 recensione
894 1307 934 1372 de
956 1306 1222 1372 Lachmanniana
1244 1307 1359 1372 Aviani

221 1420 363 1485 editione
395 1419 580 1502 conscripta
600 1418 802 1504 (Philologus
832 1420 863 1484 11
894 1421 936 1502 (1.
970 1420 1066 1504 1847)
1095 1442 1126 1504 p.
1157 1419 1290 1502 588)2);
1321 1439 1359 1483 ao

221 1533 288 1596 iam
332 1532 443 1614 paulo·
475 1531 583 1595 aerius
623 1531 655 1594 in
691 1530 892 1596 Lachmanni
931 1531 1092 1595 rationem
1127 1531 1273 1595 iuventus
1310 1535 1359 1594 est

221 1642 385 1707 Lucienus
398 1641 535 1706 Mueller
556 1642 590 1706 in
611 1642 667 1707 illo
691 1663 787 1725 quem
810 1643 849 1707 de
871 1663 906 1707 re
922 1642 1058 1707 metrica
1079 1647 1251 1726 poetarum
1268 1642 1356 1706 Lati-

219 1775 337 1818 norum
362 1753 493 1837 scripsit
513 1753 599 1819 libro
614 1757 657 1838 (p.
682 1755 752 1838 55);
777 1760 810 1818 et
831 1775 929 1837 quam
949 1754 1064 1837 paucis
1083 1754 1224 1838 primum
1246 1758 1358 1838 protu-

220 1865 308 1930 lerat
330 1865 524 1930 sententiam
546 1866 666 1930 iterum
694 1865 870 1930 illustravit
893 1865 1160 1948 confirmavitque
1183 1865 1217 1928 in
1239 1865 1294 1929 illo
1318 1865 1358 1930 de

220 1976 363 2041 Phaedri
386 1981 420 2042 et
439 1977 554 2041 Aviani
575 1976 694 2042 fabulis
715 1977 835 2056 libello,
859 1998 922 2060 quo
938 1977 1010 2042 loeo
1030 1983 1098 2041 tam
1122 1977 1225 2041 multa
1248 1977 1358 2060 quarti

223 2088 394 2171 quintique
417 2088 539 2153 saeouli
560 2088 711 2154 dictionis
735 2089 930 2154 metricaeve
955 2089 1090 2173 propria
1109 2088 1247 2152 inveniri
1270 2088 1357 2167 dicit,

221 2204 261 2264 ut
280 2199 343 2263 nisi
364 2220 500 2282 prorsus
522 2220 640 2265 novum
662 2221 720 2265 suo
742 2201 888 2284 periculo
909 2199 1031 2282 fingere
1064 2200 1255 2265 sustinuerit
1285 2201 1357 2283 quis

219 2311 396 2390 Asianum,
432 2310 548 2375 tollore
587 2332 625 2376 ea
665 2311 876 2377 coniectando
906 2315 1057 2395 nequeat.
1101 2311 1192 2375 ldem
1217 2310 1285 2376 fere
1317 2311 1356 2375 de

218 2422 336 2487 Aviani
358 2427 467 2486 aetate
489 2422 644 2487 iudicium
666 2422 744 2487 feeit
766 2423 1130 2514 Froehnerus‚‚qui·in
1152 2421 1355 2506 praefatione

219 2533 336 2597 Aviani
364 2533 498 2598 editioni
528 2535 709 2618 praemissa
732 2536 775 2619 (p.
798 2534 874 2618 ΧΗ)
897 2534 1145 2599 rusticissimum
1175 2555 1253 2598 eum.
1279 2534 1357 2598 seri·

217 2650 346 2728 ptorem
385 2645 531 2728 appellat
566 2645 735 2728 quietique
772 2646 894 2732 saeculi
928 2651 996 2710 tarn
1035 2667 1105 2710 esse
1143 2644 1222 2710 dicit
1259 2665 1357 2728 quam

220 2757 333 2840 possit.
379 2756 448 2820 Neo
470 2757 572 2821 multo
595 2757 690 2821 aliter
712 2757 812 2822 sensit
835 2757 911 2823 Otto
933 2757 1052 2837 Keller,
1063 2758 1089 2841 ³)
1120 2778 1192 2821 oum
1219 2762 1357 2822 exeunte

220 2873 338 2951 quarto
357 2867 409 2932 vel
417 2868 548 2932 ineunte
562 2869 674 2951 quinto
683 2869 813 2933 saeculo
822 2890 894 2933 eum
903 2869 1052 2933 floruisse
1062 2872 1230 2933 statueret.
1250 2869 1356 2951 Atque

217 2979 365 3044 inferiori
397 2979 496 3044 etiam
531 2980 661 3044 saeculo
691 2980 849 3044 Aviauum
879 2980 1057 3063 assignavit
1085 2967 1284 3044 Edelestand
1313 2979 1357 3043 du

218 3090 359 3174 Merite,
372 3111 445 3154 oum
455 3095 547 3154 sexto
560 3113 590 3175 p.
601 3090 674 3155 Chr.
686 3113 715 3154 n.
727 3091 857 3157 saeculo
871 3091 970 3157 fuisse
981 3096 1112 3176 poetam
1125 3091 1216 3155 illum
1226 3095 1356 3155 eonten-

219 3203 320 3266 deret.
344 3201 556 3266 Wernsdorfii
570 3207 679 3266 autern
692 3203 885 3267 sententiam
899 3204 1031 3288 repetiit
1040 3204 1068 3268 is
1083 3203 1138 3287 qui
1150 3208 1225 3268 ante
1234 3223 1356 3286 paucos

219 3313 281 3377 hos
304 3333 406 3377 annos
429 3312 564 3377 eandem
587 3314 809 3396 quaestionem
834 3315 943 3398 attigit
966 3315 1120 3380 Aemilius
1141 3315 1307 3379 Baehrens
1320 3315 1355 3396 5),

218 3423 316 3488 huius
348 3423 461 3489 iudicii
492 3425 636 3490 rationes
668 3445 923 3490 commemorans
953 3431 986 3491 et
1020 3427 1177 3491 sermonis
1208 3426 1355 3510 proprie·

289 3665 316 3731 1)
334 3665 368 3718 of.
393 3665 425 3718 L.
453 3665 570 3720 Mueller
596 3665 630 3719 [le
656 3665 771 3720 Phaedr.
798 3670 825 3720 et
843 3665 939 3720 Arion.
967 3666 1022 3721 sub.
1047 3667 1095 3720 lib.
1124 3682 1151 3734 p.
1171 3669 1204 3721 33
1232 3666 1300 3720 med.
1328 3672 1356 3720 et

217 3750 411 3805 Schenkelium
429 3750 457 3805 in
477 3751 566 3805 annal.
586 3766 673 3820 gymn.
692 3753 786 3807 Austr.
804 3750 869 3805 XVI
888 3753 1020 3822 (186511).
1039 3753 1164 3807 3981111.

286 3857 313 3920 2)
332 3853 365 3906 of.
385 3869 455 3922 quae
474 3852 508 3908 ud
527 3854 598 3936 haec
618 3854 1171 3922 1111111111111111111111111111111111.
1191 3856 1226 3910 ed
1245 3857 1354 3909 Lucret.

219 3943 274 3996 lv.
296 3942 345 3992 125
364 3940 400 4007 (p.
420 3939 515 3994 need.
535 3939 562 3994 lI
580 3955 604 3992 e.
626 3941 711 4006 1855).

287 4045 313 4108 3)
331 4041 418 4111 Pauly
436 4042 500 4096 RE⁹
519 4059 546 4111 p.
566 4045 649 4110 13263
669 4044 838 4099 Fleckeisen.
860 4045 950 4100 annal.
970 4044 1059 4112 suppl.
1078 4045 1116 4099 IV
1134 4061 1162 4114 p.
1179 4048 1231 4098 410
1249 4061 1289 4112 sq.

286 4148 312 4210 4)
331 4146 438 4214 poesies
461 4147 577 4201 ineditos
603 4163 629 4215 p.
647 4149 679 4201 95
699 4163 758 4216 sqq.
795 4149 875 4202 Hune
892 4148 992 4202 librum
1010 4152 1041 4202 ut
1059 4148 1238 4224 inspicerem,
1263 4147 1354 4208 faeere

214 4247 272 4286 non
291 4231 376 4300 potui.

287 4333 446 4402 1111111111.
466 4335 526 4392 orit.
546 4351 574 4412 p.
595 4337 882 4412 1761111111111.
901 4337 964 4392 min.
982 4336 1051 4415 Vp.
1071 4339 1113 4400 31.
