3362 5104
669 459 880 520 ..45-

288 632 396 713 Atque
418 629 452 692 in
472 627 559 694 idem
580 626 773 693 indiciorum
797 647 898 710 genus
920 626 1093 692 referenda
1113 626 1242 693 videtur
1264 627 1340 693 fati-

202 741 303 825 gandi
325 761 407 822 vox,
428 761 504 805 nam
523 761 563 804 ea
582 739 646 804 hoc
667 739 755 804 loco:

304 853 327 918 f.
350 858 407 933 31,
437 858 529 935 7sq.:
562 856 641 916 tunc
671 849 895 934 indignantem
916 851 1003 917 iusto
1027 871 1175 916 sermone
1197 850 1341 935 fatigans

458 961 586 1028 distulit
606 961 741 1029 hostiles
764 962 944 1028 calliditate
966 962 1080 1028 minas.
1337 947 1338 950 ¹

200 1079 236 1143 in
267 1098 339 1142 eam
368 1075 564 1142 sententiam
594 1073 680 1155 abit,
711 1095 796 1158 quae
823 1073 1003 1157 aSulpicii
1031 1074 1143 1140 Severi
1171 1080 1280 1141 aetate
1312 1075 1342 1140 ei

202 1189 354 1262 subiecta
376 1193 443 1267 est,
473 1192 512 1252 ut
531 1186 618 1252 idem
640 1185 710 1251 fere
732 1186 842 1252 ualeat
863 1191 963 1269 atque
985 1186 1151 1252 ‘cavillari'
1172 1187 1239 1253 sive
1261 1188 1343 1252 ‘irri-

205 1300 293 1366 dere'
306 1301 350 1386 1);
373 1299 432 1366 sed
458 1298 557 1383 paulo
578 1297 757 1364 modestius
778 1298 841 1363 hac
862 1318 941 1364 uoce
963 1320 1057 1364 usum
1080 1319 1151 1365 esse
1173 1299 1342 1378 Arianum,

201 1433 277 1478 cum
299 1411 437 1477 adderet
458 1409 643 1494 ‘sermone’,
671 1415 761 1476 reete
781 1411 907 1477 monuit
928 1410 1238 1496 Oannegieterus2):
1270 1410 1341 1476 Sul-

200 1600 259 1639 ram
269 1601 339 1653 esse,
357 1584 472 1638 miratus
483 1587 567 1651 esset,
584 1581 747 1650 Lysidamus
766 1582 824 1637 eius
840 1583 880 1637 rei
896 1583 997 1637 bonam
1016 1593 1173 1651 certamque
1184 1597 1295 1637 causam
1313 1597 1342 1636 se

199 1671 307 1726 habere
331 1669 489 1738 respondit:
516 1682 546 1723 se
571 1667 642 1722 enim
670 1668 729 1723 deis
747 1667 846 1722 fretum
864 1683 924 1724 esse
943 1683 1033 1738 neque
1051 1683 1170 1736 unquam
1188 1666 1224 1722 de
1242 1667 1342 1724 fiducia

200 1757 251 1811 illa
272 1756 439 1812 destiturum.
476 1754 573 1825 Neque
599 1753 746 1823 quidquam
771 1754 848 1809 illum
866 1755 900 1810 de
918 1755 1032 1809 deorum
1050 1753 1221 1823 precatione,
1240 1755 1290 1809 sed
1310 1754 1344 1809 de

200 1842 305 1898 fiducia
323 1842 383 1897 sola
400 1841 542 1896 addidisse
566 1841 620 1895 iam
638 1840 703 1895 inde
721 1845 856 1910 apparet,
884 1841 957 1909 quod
980 1857 1035 1895 uua
1061 1840 1094 1896 de
1113 1840 1224 1894 deornm
1242 1839 1344 1895 fiducia

200 1928 330 1998 Olympio
357 1928 442 1982 verba
468 1926 551 1995 lacit,
574 1942 635 1980 cum
653 1925 751 1981 multos
774 1927 823 1981 ille
849 1926 949 1982 fiducia
966 1927 1096 1996 deceptos
1113 1942 1175 1982 esse
1193 1941 1222 1981 se
1241 1926 1344 1980 vidisse

202 2015 289 2071 dieat.
325 2014 422 2082 Neque
440 2013 519 2068 aliter
546 2016 731 2080 comparatum
758 2018 800 2067 est
823 2013 991 2082 exemplum,
1018 2013 1092 2081 quod
1116 2029 1150 2068 ex
1168 2013 1256 2068 Milite
1274 2012 1344 2081 (Mil.

198 2101 272 2170 glor.
289 2103 321 2170 4,
348 2100 381 2168 5,
402 2103 433 2169 7,
458 2116 482 2154 1.
504 2101 570 2153 1206
580 2114 642 2168 sqq.
661 2099 703 2154 ed.
722 2098 895 2166 Fleckeisen)
918 2100 1029 2168 repetiit
1046 2099 1173 2166 Servius,
1199 2115 1260 2154 nam
1281 2113 1343 2153 cum

198 2186 426 2256 Pyrgopolinices
444 2186 516 2242 bono
536 2185 628 2240 animo
646 2200 704 2239 esse
724 2185 938 2240 Palaestrionem
965 2185 1106 2254 iussisset,
1132 2184 1221 2254 quod,
1246 2185 1271 2240 si
1286 2184 1344 2239 ullo

198 2273 283 2328 modo
302 2271 362 2327 fieri
380 2279 487 2341 posset,
504 2271 565 2340 ipse
583 2286 643 2325 eum
661 2271 828 2326 liberaturus
843 2277 923 2340 esset,
940 2271 988 2326 ille
1005 2271 1159 2341 respondit,
1179 2287 1344 2340 quamquem

197 2359 333 2414 acerbum
359 2359 411 2413 sibi
436 2361 525 2424 esset,
552 2357 602 2413 tali
623 2373 670 2411 ero
689 2371 799 2426 carere,
826 2364 918 2412 tamen
944 2373 975 2413 se
997 2358 1055 2412 deis
1079 2358 1172 2426 erique
1198 2356 1344 2427 promissis

199 2444 386 2514 confisurum,
406 2445 482 2499 brevi
500 2450 623 2514 tempore
641 2443 813 2498 liberationis
830 2442 902 2498 diem
920 2442 1025 2500 adfore.
1061 2443 1141 2498 (lente
1157 2442 1210 2498 hoe
1228 2443 1289 2499 loeo
1308 2443 1343 2497 de

199 2530 326 2599 rogando
347 2531 438 2586 nullus
457 2545 545 2585 sermo
565 2545 626 2585 esse
644 2535 752 2598 potest,
778 2529 906 2597 quaevis
925 2529 948 2584 si
965 2531 994 2584 in
1011 2530 1137 2598 sperandi
1155 2530 1239 2584 verbe
1259 2537 1343 2597 esset,

199 2616 296 2672 dicere
321 2617 414 2672 debuit
438 2624 537 2684 poeta:
565 2616 631 2671 deos
658 2630 740 2684 spero
765 2621 863 2683 teque;
890 2631 951 2670 nam
976 2615 1070 2671 tuturo
1089 2621 1209 2686 tempore
1226 2631 1274 2671 ero
1292 2616 1343 2670 Pa·

198 2703 315 2760 laestrio
339 2702 499 2772 supplicare
522 2702 633 2770 nequit,
659 2717 720 2756 cum
740 2700 964 2771 Pyrgopolinices
990 2703 1025 2758 ab
1052 2717 1085 2758 eo
1110 2703 1280 2758 discessurus
1298 2702 1343 2756 sit.

199 2789 335 2856 Quoniam
354 2788 439 2856 igitur
459 2788 568 2844 dnobus
584 2789 651 2844 locis
669 2788 799 2857 sperandi
816 2788 878 2843 voci
895 2788 1052 2843 eonfidendi
1070 2789 1123 2843 vim
1142 2805 1159 2844 a
1177 2788 1275 2843 Plauto
1293 2788 1342 2842 tri-

198 2876 298 2931 butam
316 2875 440 2944 vidimus,
460 2875 485 2930 11
499 2875 609 2930 tertium
626 2874 740 2929 eandem
754 2875 920 2930 locutionem
933 2865 1112 2946 reperiemus,
1131 2875 1244 2930 eandem
1262 2874 1345 2943 signi·

198 2961 356 3016 ficationem
380 2961 440 3016 iure
460 2961 612 3031 meritoque
631 2960 657 3015 ei
674 2960 851 3030 subiciemus,
879 2961 985 3016 etiamsi
1003 2961 1091 3030 primo
1112 2961 1210 3016 obtutu
1227 2960 1283 3015 alia
1300 2975 1343 3014 ra-

197 3049 243 3102 tio
261 3047 368 3103 ridetur
387 3061 457 3102 esse.
493 3048 592 3116 ltaque
614 3047 643 3102 in
662 3045 833 3102 Cistellariae
857 3047 982 3102 versibus
1000 3047 1114 3115 (cistell.
1134 3049 1167 3116 2,
1185 3048 1211 3116 8,
1229 3047 1343 3116 bosqq.)

197 3133 275 3188 hane
300 3133 463 3188 sententiam
486 3134 575 3188 inesse
602 3133 762 3190 statuimust
786 3133 817 3187 ln
841 3133 900 3188 deis
926 3138 954 3188 et
978 3134 1007 3187 in
1033 3141 1061 3189 te
1086 3148 1163 3202 spem
1180 3133 1344 3188 collocatam

197 3219 302 3289 habeo,
319 3224 348 3275 te
364 3220 550 3289 perfecturum
568 3235 629 3276 esse
646 3221 700 3274 hoc
714 3219 868 3288 negotium
887 3219 921 3274 ad
942 3235 1013 3290 quae
1028 3221 1172 3289 respondit
1190 3217 1343 3288 Lampadio

197 3307 288 3362 haec:
311 3305 340 3360 in
368 3306 474 3361 eisdem
495 3321 559 3375 spes
581 3320 660 3362 meas
678 3307 815 3374 repositas
831 3306 939 3375 babeo,
967 3307 1007 3361 ite
1024 3311 1055 3361 ut
1074 3321 1188 3376 secure,
1216 3304 1292 3374 quod
1310 3305 1344 3360 ad

198 3395 276 3446 hanc
293 3407 351 3446 rem
369 3393 482 3461 attinet,
506 3392 615 3448 domum
633 3392 712 3448 abire
730 3393 829 3462 possis.
865 3392 942 3460 Quae
960 3407 1019 3446 cum
1037 3393 1077 3448 ita
1095 3392 1163 3461 sint,
1188 3394 1263 3447 11111
1281 3391 1344 3446 11111

199 3478 347 3534 Plautinos
366 3494 382 3532 1
400 3478 496 3535 Servio
514 3478 615 3534 allatos
638 3479 669 3533 in
693 3493 752 3532 111
771 3479 806 3534 de
824 3495 878 3547 qua
897 3478 1001 3548 agimm
1019 3479 1153 3536 rationem
1171 3494 1227 3534 non
1245 3476 1343 3533 cedere

197 3564 287 3620 facile
305 3565 494 3620 concedemus.
1074 3581 1077 3586 ·

273 3645 420 3726 1111111.
442 3651 534 3706 Seven.
554 3651 619 3706 dial.
639 3654 670 3720 1,
689 3654 720 3706 4:
747 3651 851 3707 nullam
868 3651 1040 3708 occasionem
1064 3650 1183 3718 omittis,
1209 3651 1275 3720 quin
1292 3665 1344 3704 nos

197 3736 347 3792 edacitatis
364 3736 478 3805 fatiges,
494 3737 562 3792 ibid.
584 3739 617 3793 b:
645 3737 695 3792 sed
713 3737 944 3807 supersedendum
961 3744 1018 3806 est,
1043 3751 1079 3790 ne
1098 3735 1194 3792 Gallus
1213 3735 1344 3791 1111111-

196 3825 260 3880 met
276 3822 402 3891 fatigari3
430 3823 522 3880 Sidon.
542 3838 586 3894 ep.
606 3825 637 3892 6,
662 3826 696 3877 2:
722 3823 835 3892 fatigari
859 3824 993 3894 argutiis3
1024 3822 1059 3878 cf.
1077 3823 1171 3878 Sidon.
1190 3838 1235 3892 ep.
1257 3825 1288 3892 1,
1310 3824 1343 3890 83

197 3909 306 3978 Sulpie.
324 3909 388 3966 dial.
410 3914 434 3980 1,
452 3912 478 3964 4.

271 3994 396 4066 2)(11111
422 3996 500 4051 addit
521 3995 736 4064 Cannegieterus
760 4012 793 4051 ex
820 3997 917 4067 optimi
942 3996 1046 4052 saeculi
1072 4012 1124 4052 usu
1148 3995 1220 4050 hane
1245 3995 1344 4050 Ariani

196 4082 369 4138 locutionem
390 4081 577 4138 confirmatam
605 4097 682 4151 esse,
708 4098 763 4138 non
780 4083 822 4136 ita
839 4097 891 4151 pro
911 4089 987 4138 certo
1005 4080 1212 4138 affirmaverim:
1237 4081 1266 4136 id
1284 4083 1343 4148 qui-

198 4169 266 4225 dem
285 4169 446 4237 exemplum,
469 4168 542 4237 quod
560 4168 595 4223 ad
612 4167 689 4223 illum
706 4169 868 4223 sententiam
887 4169 1093 4246 sustentandam
1113 4167 1205 4223 attulit
1222 4167 1343 4235 (Sallust.

195 4256 265 4324 Jug.
285 4256 335 4312 60:
354 4256 495 4310 Romanus
512 4254 663 4323 imperator
681 4253 729 4309 ubi
747 4271 776 4310 se
794 4255 864 4309 dolia
883 4254 996 4323 fatigari
1014 4254 1112 4324 videt),
1136 4253 1217 4309 aliter
1234 4268 1343 4322 compa-

195 4349 291 4396 ratum
309 4347 362 4410 est,
381 4357 460 4409 quaro
480 4340 555 4409 quod
572 4341 636 4396 huic
653 4340 715 4396 loco
735 4340 886 4396 conveniat
