3362 5104
679 454 892 516 ‚21-

216 625 305 703 Quas
332 643 442 687 omnes
479 620 720 686 emendationes
751 621 881 686 omnino
909 621 1089 685 reiciendas
1120 643 1190 686 esse
1222 642 1355 686 censeo:

216 738 244 800 si
279 735 370 800 locus
407 733 529 798 nullam
568 731 725 798 offensam
760 732 862 798 habet
890 732 1109 816 facillimeque
1145 733 1354 817 intellegitur,

215 846 297 912 nihil
321 851 371 911 est
392 844 599 923 mutandum,
632 844 689 909 sed
711 845 898 928 recipienda
920 845 1017 910 lectio
1040 845 1189 910 codicum
1213 847 1355 910 omnium

217 979 378 1024 consensu
408 954 636 1040 comprobata;
676 956 870 1038 praesertim
901 978 974 1022 curn
1004 957 1124 1040 optime
1154 977 1194 1020 ea
1221 957 1254 1020 in
1283 979 1354 1021 sen·

214 1070 352 1136 tentiam
366 1068 523 1152 quadret;
545 1088 621 1131 uam
637 1087 709 1132 eam
731 1067 869 1150 figuram
888 1066 951 1132 hoc
970 1067 1042 1146 loco
1060 1066 1192 1133 admisit
1204 1068 1354 1148 Avienus,

217 1187 255 1247 ut
278 1179 461 1246 subiectum
485 1178 572 1262 quod
602 1178 715 1243 dicunt
741 1179 961 1262 grammatici,
992 1179 1111 1244 nonin
1134 1178 1355 1245 enuntiatione

216 1290 370 1377 generali,
396 1291 508 1356 sedin
532 1311 689 1373 suspensa
710 1289 895 1355 collocaret.

303 1404 450 1486 Denique
481 1405 514 1468 iu
552 1402 689 1468 eandem
726 1403 885 1467 rationem
917 1402 1033 1468 cadere
1067 1402 1196 1469 videtur
1225 1403 1355 1468 fabidae

216 1516 340 1581 XXVII
373 1536 486 1580 versus
515 1514 562 1593 X,
597 1515 688 1578 ouius
719 1534 915 1597 quamquam
945 1536 964 1578 a
994 1514 1159 1598 plerisque
1189 1514 1355 1580 codicibus

215 1626 299 1692 haec
322 1625 427 1692 forma
449 1625 634 1690 exhibetur:

322 1759 387 1821 qua
410 1743 560 1821 coeptum
583 1737 723 1802 volucris
746 1737 955 1820 explicuisset
969 1740 993 1820 ¹)
1014 1759 1105 1821 oppa,

216 1873 237 1914 a
257 1849 419 1914 nonnullis
442 1855 551 1914 tamen
577 1849 670 1913 libris
693 1849 755 1913 hae
778 1849 889 1914 variae
910 1849 1066 1914 lectiones
1089 1849 1354 1934 suppeditantur:

214 1963 250 2025 in
283 1960 393 2026 codice
421 1961 507 2025 enim
532 1960 730 2043 V(ossiano),
761 1961 817 2043 qui
842 1960 985 2044 optimae
1007 1965 1104 2026 uotae
1125 1967 1175 2026 est
1198 1964 1356 2044 (necnon

215 2074 250 2137 in
273 2072 308 2152 B,
331 2072 388 2155 qui
409 2071 591 2137 recentiore
610 2077 757 2155 tempore
776 2080 929 2138 exaratus
953 2074 1025 2157 est),
1048 2079 1155 2139 exstat
1175 2095 1239 2138 non
1263 2075 1356 2156 ‘qua',

215 2183 276 2250 ssd
304 2184 424 2266 ‘quae'3
455 2189 554 2266 atque
581 2183 615 2247 in
637 2184 749 2250 codice
772 2184 810 2265 P,
840 2185 896 2268 qui
927 2190 960 2249 et
981 2185 1052 2268 ipsc
1075 2207 1200 2250 summa
1221 2185 1286 2250 fide
1308 2185 1356 2250 di-

218 2317 302 2379 gnus
323 2301 389 2375 est,
413 2301 584 2360 exaratum
604 2295 756 2379 legimus:
780 2296 939 2375 ‘volucri’,
968 2318 1032 2360 non
1056 2297 1223 2362 ‘volucris'.
1268 2299 1356 2375 Quas

215 2408 414 2491 optimorum
441 2407 601 2471 librorum
629 2406 783 2472 lectiones
815 2408 901 2472 inter
930 2429 963 2473 se
994 2408 1022 2473 si
1050 2409 1355 2491 comparaverimus,

214 2519 313 2584 facile
337 2518 378 2583 ad
404 2539 476 2583 eam
500 2517 648 2583 ducimur
675 2507 874 2602 opinionem,
907 2524 944 2584 ut
971 2518 1057 2584 hanc
1080 2541 1191 2584 versus
1217 2520 1355 2585 formam

215 2653 238 2696 a
261 2630 447 2695 Froehnero
470 2631 673 2714 propositam
694 2631 867 2714 genuinam
890 2632 990 2697 fuisse
1013 2632 1225 2697 arbitremur:

322 2762 406 2825 quae
431 2748 582 2825 coeptum
604 2741 727 2807 volucri
750 2742 959 2827 explicuisset
982 2764 1080 2827 opus3

216 2875 317 2936 quam
330 2853 567 2938 posterioribus
589 2853 791 2937 temporibus
813 2853 974 2934 librarios,
998 2861 1035 2920 ut
1049 2855 1174 2920 hiatum
1193 2856 1354 2936 tollerent,

213 2968 250 3030 in
265 2986 338 3030 eam
353 2986 452 3048 quam
466 2965 571 3030 maior
585 2964 744 3032 librorum
763 2988 841 3049 pars
860 2966 999 3045 exhibet,
1023 2972 1243 3046 correxerunt,
1264 2969 1355 3033 cuius

215 3086 330 3142 tamen
363 3077 501 3161 vestigia
530 3079 564 3142 in
593 3077 755 3143 nonnullis
784 3077 942 3144 librorum
969 3079 1182 3144 vetustiorum
1216 3085 1353 3144 exstant.

215 3190 260 3254 Et
286 3211 373 3267 sane,
397 3190 425 3254 si
446 3187 532 3254 hano
554 3190 693 3255 formam
715 3190 968 3273 reposuerimus,
998 3191 1046 3254 ris
1068 3191 1259 3274 pondusque
1283 3213 1355 3256 ora—

214 3301 299 3366 tioni
329 3300 476 3382 additur;
512 3323 587 3366 nam
617 3301 719 3366 multo
749 3302 879 3385 gravior
908 3307 1008 3384 atque
1038 3303 1146 3386 aptior
1176 3303 1252 3369 huic
1282 3304 1354 3369 loco

215 3414 244 3477 is
273 3419 324 3490 est
353 3434 475 3493 sermo,
511 3435 576 3497 qno
607 3413 781 3497 prudentia
809 3414 843 3478 iu
873 3435 1045 3498 personam
1077 3415 1294 3481 constituatur
1323 3421 1355 3480 et

215 3531 386 3608 tamquam
411 3547 509 3609 agens
531 3531 630 3608 atque
652 3547 705 3590 res
726 3527 898 3610 perficiens
918 3527 1101 3592 inducatur.

306 3637 427 3702 Verum
449 3659 535 3703 nunc
551 3643 762 3709 ,transeamus
789 3638 831 3703 ad
855 3660 926 3703 eam
949 3639 1107 3704 rationem
1131 3641 1299 3704 metricam
1322 3641 1355 3703 in

216 3749 334 3814 Aviani
357 3749 504 3815 versibus
529 3754 720 3828 exstantem,
744 3772 810 3834 qua
833 3751 1013 3816 certissima
1029 3751 1192 3816 conclusio
1215 3751 1255 3815 de
1279 3772 1354 3815 auo-

217 3975 328 4042 quentis
346 3973 421 4028 ferus
437 3987 547 4028 arenam
564 3974 631 4042 agit,
651 3988 731 4041 quam
750 3973 814 4030 illut
832 3974 859 4028 in
880 3989 996 4042 corpora
1015 3972 1117 4028 domini
1130 3980 1225 4029 sentus
1243 3989 1353 4028 arenam

216 4077 234 4116 a
253 4060 299 4116 it?
597 4060 603 4074 “

234 4077 252 4129 fl
287 4149 313 4216 1)
329 4147 392 4201 Hoc
405 4145 568 4200 vocabulum
583 4153 740 4216 corruptum
755 4161 817 4202 esse
832 4145 963 4202 Aemilius
976 4146 1117 4203 Baehrens
1132 4146 1245 4216 censuit,
1262 4162 1355 4214 quam-

217 4249 298 4302 quam
316 4233 353 4286 iu
364 4233 417 4288 hac
436 4249 467 4288 re
484 4233 572 4287 minus
591 4234 616 4287 ai
634 4233 778 4288 assentior.
