3362 5104
668 423 884 520 -13-7

210 603 359 686 quaestio
382 600 614 667 obscurissima
636 600 767 665 tandem
791 599 945 664 adfinem
963 598 1105 664 adducta
1123 603 1156 664 et
1171 600 1345 682 profligata

210 735 282 780 esse
305 711 466 780 censenda
489 711 540 776 sit.

297 825 413 907 Itaque
454 823 607 906 quoniam
646 822 784 888 vidimus
821 821 903 886 nihil
936 821 1025 888 aliud
1059 821 1099 886 de
1134 822 1345 906 temporibus,

212 936 332 1021 quibus
354 936 425 1020 ipse
446 933 602 1013 floruerit,
626 932 757 999 disertis
775 933 883 999 verbis
901 934 1059 999 Asianum
1075 934 1262 1018 patefacere
1284 934 1347 998 nisi

210 1054 286 1133 post
310 1046 466 1112 Babrium
489 1044 619 1110 fabulas
640 1066 674 1110 se
697 1046 938 1130 conscripsisse,
961 1050 994 1110 et
1015 1046 1155 1110 maxime
1176 1044 1348 1129 probabile

211 1181 283 1226 esse
316 1158 534 1224 intelleximus
563 1157 662 1221 etiam
685 1157 815 1221 Titiano
845 1157 1058 1242 paraphrasis
1085 1162 1218 1223 auctore
1240 1162 1348 1240 poste-

211 1273 332 1336 riorem
356 1290 429 1335 eum
451 1268 570 1334 fuisse:
593 1288 632 1332 ex
653 1268 799 1352 ipsarum
815 1268 932 1333 harum
946 1267 1132 1334 fabularum
1148 1268 1256 1333 indole
1272 1291 1347 1334 num

216 1361 295 1466 quid
319 1379 482 1446 enucleari
501 1380 620 1464 possit,
651 1400 717 1462 quo
738 1379 781 1444 ad
802 1386 919 1463 poetae
942 1385 1082 1446 aetatem
1107 1379 1349 1464 angustioribus

210 1493 330 1559 finibus
359 1490 688 1558 circumscribendam
716 1497 860 1570 utamur,
891 1493 1097 1576 experiamur
1127 1512 1259 1556 necesse
1282 1497 1349 1572 est3

213 1610 313 1689 atque
340 1609 377 1670 ut
409 1608 519 1668 cetera
555 1623 641 1668 nuuc
676 1603 880 1682 omittamus,
913 1624 997 1687 quae
1029 1604 1071 1668 ad
1099 1602 1161 1668 hoc
1192 1602 1349 1668 adhibere

211 1716 328 1797 liceat,
358 1715 465 1801 prima
488 1715 630 1779 omnium
661 1718 760 1797 atque
789 1714 949 1802 naturalis
980 1715 1141 1798 quaedam
1171 1715 1350 1780 carminum

212 1828 337 1894 mensio
349 1827 384 1892 in
405 1825 533 1909 legibus
548 1846 756 1891 numerorum
768 1846 850 1908 quas
873 1832 1004 1892 secutus
1025 1833 1074 1893 est
1097 1832 1219 1905 auctor,
1243 1827 1353 1909 posita
1438 1851 1442 1862 ¹

215 1944 275 2019 est,
296 1943 334 2003 ut
356 1959 376 2003 a
398 1957 475 2002 vero
497 1957 562 2001 non
581 1936 792 2002 aberraturus
815 1957 960 2003 essenos
983 1939 1214 2019 existimemus,
1237 1938 1264 2002 si
1286 1938 1353 2022 pri·

213 2071 303 2117 mum
323 2050 358 2113 in
379 2049 494 2114 Aviani
518 2048 662 2114 rationes
686 2049 841 2114 metricas
863 2049 1133 2133 inquisiverimus.

301 2162 409 2244 Atque
435 2160 470 2224 in
499 2161 684 2225 universum
716 2160 756 2224 de
778 2160 893 2224 Aviani
925 2181 1075 2226 versuum
1107 2160 1353 2245 pangendorum

216 2279 288 2338 arte
310 2273 374 2337 hoc
402 2271 558 2337 iudicium
583 2270 768 2336 iaciendum
799 2277 934 2337 estnon
956 2273 989 2337 in
1012 2273 1161 2356 pessimis
1183 2277 1355 2356 poetarum

216 2385 407 2450 Latinorum
426 2404 499 2449 eum
520 2404 591 2449 esse
613 2382 816 2464 habendum;
838 2404 922 2466 quae
944 2385 978 2448 in
992 2383 1139 2453 versibus
1162 2404 1355 2467 componen-

217 2497 267 2561 dis
289 2495 406 2560 levitas
428 2499 461 2560 et
484 2493 645 2578 elegantis
666 2493 742 2559 iude
761 2493 910 2578 proiecta
933 2500 998 2574 est,
1021 2495 1108 2579 quod
1131 2516 1255 2562 summo
1282 2516 1355 2560 cum

218 2606 327 2673 studio
354 2611 452 2690 atque
475 2605 644 2689 diligentia
678 2610 712 2670 et
733 2605 869 2688 Vergilii
892 2612 925 2671 et
945 2606 1052 2672 Ovidii
1075 2608 1220 2672 carmina
1241 2605 1358 2689 relegit

219 2719 414 2801 illorumque
446 2722 618 2800 poetarum
647 2718 785 2802 vestigia
815 2739 912 2802 quam
950 2719 1194 2785 accuratissime
1229 2718 1356 2802 pressit.

219 2831 340 2895 Verum
359 2849 400 2894 ne
422 2829 548 2912 longior
569 2827 629 2893 fiat
650 2828 838 2913 disputatio,
860 2829 901 2894 de
915 2830 1030 2895 Aviani
1052 2836 1122 2896 arte
1144 2831 1281 2896 metrica
1304 2850 1357 2895 ac-

219 2942 365 3006 curatius
399 2959 496 3024 agere
533 2940 698 3006 omisimus
712 2942 754 3024 l);
787 2961 843 3006 eas
870 2945 997 3006 tantum
1028 2942 1171 3007 rationes
1201 2942 1356 3006 metricas

219 3116 311 3182 ipsum
330 3111 425 3166 rudem
440 3125 593 3166 sermonem
606 3126 683 3166 suum
701 3112 794 3167 (licere
811 3118 967 3169 censerent:
986 3112 1034 3169 sed
1052 3112 1162 3168 Orusius
1180 3113 1252 3168 hunc
1269 3112 1359 3166 locum

219 3204 297 3254 recte
315 3199 355 3253 111
379 3196 531 3264 intellexit,
556 3205 585 3253 ut
609 3197 793 3266 paraphrasin
820 3198 976 3266 pedestrem
1002 3197 1157 3254 fabularum
1173 3199 1358 3266 Aesopearum

221 3281 446 3353 eamque'l'itiani
467 3281 549 3351 illius,
569 3282 603 3338 de
621 3298 675 3352 quo
693 3299 777 3352 supra
787 3283 823 3352 (p.
843 3287 869 3354 7)
881 3284 1159 3351 commemoravimus,
1178 3283 1359 3352 significatam

221 3386 280 3426 esse
306 3373 455 3434 1111111111,
481 3382 515 3421 ex
539 3383 593 3437 qua
618 3367 727 3424 fabulas
747 3368 826 3422 XLII
845 3369 967 3425 Asianus
993 3384 1055 3426 sese
1081 3369 1287 3438 deprompsisse
1315 3369 1359 3423 de·

222 3461 419 3526 promptasque
438 3453 522 3522 elegis
542 3454 693 3524 explicasse
711 3453 823 3509 diceret.

293 3541 319 3611 1)
331 3539 474 3596 Abstinuit
492 3542 612 3595 avianus
633 3539 821 3596 hexametrum
836 3541 985 3596 terminare
1001 3555 1068 3596 1111
1085 3540 1275 3610 monosyllaba
1292 3540 1328 3608 (7,
1347 3545 1358 3592 1

222 3634 251 3684 11
270 3627 313 3694 36,
333 3629 365 3680 17
384 3625 470 3695 spurii
482 3641 575 3681 versus
589 3631 669 3694 sunt3
689 3629 730 3692 14,
749 3628 797 3680 13:
816 3626 849 3681 ‘si
867 3626 954 3695 quem’
972 3633 1003 3682 ut
1016 3642 1098 3681 unum
1111 3626 1224 3681 verbum
1239 3633 1265 3681 11
1284 3625 1361 3680 effer·

222 3725 268 3770 tur
291 3719 319 3768 et
336 3711 527 3781 perscribitur,
552 3716 671 3766 ceterum
690 3711 723 3766 ct.
744 3711 934 3780 Cannegieteri
958 3711 1039 3766 huius
1056 3711 1111 3766 loci
1129 3711 1362 3779 emendationem),

224 3805 385 3866 tantamque
412 3797 635 3866 aequabilitatem
663 3804 746 3865 atque
773 3797 935 3866 elegantiam
969 3813 1001 3852 111
1032 3797 1195 3866 optimorum
1220 3804 1361 3865 poetarum

224 3883 390 3939 auctoritate
406 3882 559 3952 1111111111,
589 3888 621 3937 11
645 3898 726 3938 voees
753 3883 843 3939 tribus
871 3883 984 3952 syllabis
1002 3883 1148 3953 ampliores
1166 3883 1194 3936 in
1212 3883 1362 3937 hexametri

223 3968 278 4024 fine
295 3985 351 4025 non
367 3968 539 4038 admitteret,
563 3973 762 4038 pentametrum
785 3969 839 4024 nisi
858 3968 950 4024 verbis
970 3968 1111 4038 disyllabis
1130 3967 1254 4023 Ovidium
1273 3973 1301 4022 et
1318 3967 1363 4021 Ti·

224 4055 330 4110 bullum
349 4060 458 4110 secutus
477 4053 522 4123 (cf.
537 4053 603 4108 Luc.
617 4055 732 4109 Mueller
749 4053 783 4109 (11
799 4070 829 4109 11
844 4061 921 4110 metr.
940 4071 967 4123 p.
987 4055 1039 4108 224
1056 4058 1108 4124 sq.)
1126 4071 1180 4109 non
1195 4053 1363 4108 terminaret.

295 4141 406 4195 Summa
423 4139 565 4208 diligentia
585 4156 644 4196 eam
661 4141 749 4208 legem
767 4140 937 4210 observavit,
966 4154 1046 4209 quam
1065 4140 1282 4208 praestantiores
1300 4155 1365 4208 poe-

225 4233 317 4282 tarum
334 4227 518 4282 Romanorum
537 4226 625 4281 secuti
643 4230 720 4294 sunt,
746 4231 775 4279 ut
801 4225 829 4280 in
846 4225 999 4282 hexametri
1017 4225 1071 4280 fine
1089 4232 1217 4281 accentus
1235 4225 1364 4279 metricus

227 4327 288 4368 11111
307 4312 484 4382 grammatico
503 4318 675 4380 congrueret.
