3362 5104
876 404 1092 464 ..10-

421 568 576 633 iudicium
597 569 630 633 in
662 568 889 652 praefationue
911 570 951 634 de
975 590 1032 635 suo
1054 570 1235 635 Theodosio
1262 571 1378 636 fecerit
1400 574 1554 652 Avienus,

422 680 456 744 in
479 679 680 746 Macrobium
702 683 807 747 virum
829 682 1051 747 doctissimum
1073 682 1194 765 optimc
1215 683 1378 766 quadrare
1391 687 1424 768 ι).
1462 686 1555 764 Quae

423 792 634 857 Wernsdorfii
663 794 824 858 sententia
853 814 911 877 per
940 794 1176 876 quinquaginta
1207 815 1308 860 annos
1329 796 1432 879 viguit
1454 802 1555 879 atque

422 888 570 969 omnibus
592 903 660 970 lere
676 905 754 969 viris
770 904 874 970 doctis
889 905 1030 989 probata
1051 911 1101 970 est
1111 906 1147 990 ²),
1171 905 1274 971 donec
1289 906 1553 990 Lachmannusl)

422 1036 507 1080 anno
529 1016 625 1081 huius
654 1015 775 1082 saeculi
798 1016 1047 1100 quadragesimo
1070 1018 1183 1101 quinto
1205 1017 1325 1083 iudicio
1347 1018 1395 1083 illi
1417 1018 1554 1098 obstitit,

422 1127 739 1210 Cannegieterusque
761 1150 859 1212 quam
873 1128 1057 1217 protulerat
1079 1129 1261 1212 opinionem
1276 1129 1382 1195 denuc
1398 1130 1553 1195 defendit.

422 1239 535 1322 Neque
567 1260 621 1319 eo,
663 1240 750 1322 quod
788 1261 947 1305 summum
981 1240 1161 1305 arbitratur
1193 1262 1263 1306 esse
1293 1241 1555 1325 Cannegieterus‚

419 1351 535 1416 nititur
557 1351 784 1416 Lachmannus
806 1357 1014 1434 argumento,
1048 1352 1135 1435 quod
1160 1352 1234 1417 Iulii
1256 1353 1377 1417 Titiani
1398 1353 1554 1438 apologos

423 1463 565 1529 Avianus
586 1484 649 1528 non
668 1463 984 1543 commemoraverit3
1008 1463 1066 1528 sed
1081 1486 1154 1529 cum
1171 1463 1348 1529 cavendum
1362 1485 1433 1530 esse
1456 1464 1555 1545 dicat,

419 1596 459 1639 ne
482 1576 675 1640 sententiam
697 1575 781 1641 male
803 1575 966 1640 firmatam
990 1580 1023 1640 et
1044 1576 1151 1659 specie
1175 1575 1291 1640 falsam
1315 1577 1466 1641 continuo
1489 1577 1553 1642 rei-

419 1688 558 1766 oiamus,
580 1687 702 1771 primas
721 1691 833 1770 partes
855 1708 919 1752 non
943 1687 1138 1770 diligentiae,
1162 1687 1220 1752 sed
1241 1686 1361 1752 iudicio
1391 1692 1424 1753 et
1445 1689 1555 1752 sensui

419 1799 520 1864 tribui
535 1797 654 1864 debere
672 1798 846 1878 contendit,
870 1819 934 1881 quo
945 1798 1110 1882 praesidio
1125 1820 1203 1864 usus
1221 1799 1255 1863 in
1268 1799 1433 1882 plerisque
1449 1798 1553 1863 libelli

417 1909 567 1994 partibus
589 1909 782 1975 nobiliorem
799 1909 960 1993 quendam
985 1910 1190 1992 antiquitatis
1210 1909 1351 1976 colorem
1368 1911 1552 1999 senseris4).

419 2021 543 2100 Quibus
578 2021 677 2086 rebus
717 2022 928 2105 praemonitis
967 2022 1014 2086 ita
1057 2022 1199 2086 instituit
1238 2022 1552 2105 argumentationem

419 2133 656 2214 Lachmannus,
680 2139 717 2198 ut
740 2133 911 2197 nonnullas
933 2132 1063 2198 fabulas
1085 2132 1127 2198 ab
1150 2133 1190 2198 iis
1212 2132 1320 2212 rebus,
1341 2154 1425 2216 quae
1446 2134 1552 2198 minus

418 2246 657 2310 Antoninorum
688 2245 790 2309 aetati
825 2249 1021 2327 congruant,
1052 2249 1189 2328 purget,
1228 2266 1300 2309 cum
1328 2245 1435 2309 omnia
1470 2266 1554 2328 quae

419 2362 496 2422 sunt
516 2357 711 2422 abonorum
725 2361 896 2441 poetarum
918 2379 980 2422 usu
1002 2356 1117 2434 aliena,
1140 2361 1197 2420 aut
1208 2355 1358 2420 emendet
1371 2361 1429 2421 aut
1445 2357 1553 2440 expel-

419 2468 475 2533 lat.
521 2469 610 2546 Quae
637 2468 782 2533 remedia
800 2489 871 2532 cum
889 2473 1045 2551 quattuor
1066 2466 1186 2533 fabulis
1208 2467 1412 2533 adhibuisset
1432 2489 1553 2550 easque

418 2580 452 2644 iu
475 2579 650 2663 pristinum
673 2585 794 2644 statum
815 2580 998 2645 restituisse
1020 2579 1081 2643 sibi
1105 2579 1191 2643 visus
1214 2585 1300 2643 essct
1321 2579 1386 2659 ita,
1416 2585 1453 2644 ut
1472 2579 1554 2643 nihil

418 2691 453 2755 in
476 2690 522 2755 eis
543 2695 743 2774 superesset,
775 2691 860 2774 quod
892 2691 1127 2755 Antoninorum
1154 2690 1356 2774 temporibus
1388 2690 1460 2755 dari
1487 2712 1553 2756 non

417 2806 537 2885 posset,
552 2802 614 2867 hoc
625 2801 703 2866 fecit
715 2801 883 2867 iudicium:
899 2801 1022 2867 habere
1035 2802 1094 2866 has
1111 2801 1239 2867 fabulas
1252 2806 1379 2866 tantam
1396 2803 1553 2867 orationis

417 2913 640 2996 integritatem
661 2919 694 2979 et
716 2914 919 2996 elegantiam,
941 2919 979 2978 ut
1000 2914 1131 2978 saeculo
1154 2911 1295 2979 secundo
1312 2914 1433 2978 rectius
1454 2935 1553 2996 quam

417 3025 592 3108 posteriori
614 3025 846 3104 tribuerentur,
869 3025 1014 3091 simodo
1038 3025 1080 3090 ab
1103 3024 1280 3089 innumeris
1302 3025 1406 3108 iisque
1429 3025 1553 3108 gravis-

417 3241 522 3308 (opusc.
541 3236 643 3308 κειμήλ.
665 3239 717 3293 litt.
738 3241 781 3295 ed.
801 3240 942 3295 Ultraiect.
963 3255 988 3294 a.
1009 3239 1076 3294 1669
1094 3256 1121 3306 p.
1139 3241 1173 3294 90
1191 3255 1231 3308 sq.
1251 3239 1283 3306 (c.
1301 3240 1360 3308 38),
1385 3254 1477 3294 verum
1496 3256 1553 3295 om-

417 3340 466 3379 nes
484 3325 513 3377 hi
532 3325 662 3379 avienum
679 3327 775 3381 harum
794 3326 948 3381 fabularum
969 3330 1095 3381 vocantes
1114 3332 1261 3381 auctorem.

489 3412 513 3478 1)
533 3411 679 3467 Praeterea
697 3412 818 3467 Asianus
837 3416 861 3466 si
880 3427 911 3466 re
925 3426 991 3465 vera
1002 3410 1138 3466 Macrobii
1156 3410 1300 3464 familiaris
1317 3411 1378 3478 luit,
1397 3412 1554 3467 coniectura

419 3496 547 3565 colligere
564 3497 734 3553 doctissimus
756 3498 803 3552 ille
830 3497 871 3551 vir
897 3498 949 3552 sibi
976 3495 1049 3551 visus
1074 3501 1117 3551 est
1134 3497 1294 3551 Flavianum
1318 3512 1416 3552 noman
1441 3513 1502 3552 esse
1527 3499 1552 3551 ei

418 3583 551 3649 dandum,
585 3583 650 3652 quia
676 3584 716 3638 sic
746 3583 902 3652 appelletur
929 3597 999 3637 unus
1030 3599 1063 3637 ex
1087 3582 1340 3637 confabulatoribus
1363 3583 1552 3637 Saturnaliciis

419 3669 568 3736 Macrobii,
596 3668 668 3738 quod
686 3686 787 3725 nomen
810 3669 982 3723 librariorum
1010 3669 1077 3723 vitio
1102 3669 1130 3723 in
1150 3668 1203 3723 duo
1223 3669 1332 3724 nomina
1350 3669 1440 3723 Flauii
1457 3671 1552 3723 Aviani

419 3755 580 3809 distractum
599 3770 674 3823 esse;
699 3755 732 3810 de
750 3771 804 3824 qua
823 3755 950 3822 opinione
971 3755 1095 3808 conferas
1113 3754 1192 3808 velim
1211 3769 1281 3822 quae
1300 3755 1392 3810 decuit
1413 3756 1552 3809 Lucienus

419 3840 535 3894 Mueller
555 3841 588 3895 de
607 3839 662 3895 fab.
683 3840 801 3896 Phaedr.
821 3849 848 3894 ct
866 3841 963 3894 Avian.
983 3841 1031 3893 lib.
1052 3857 1078 3907 p.
1098 3843 1139 3892 31.

488 3930 514 3996 2)
534 3927 569 3980 cf.
588 3926 729 3980 Kerlerum
756 3927 784 3980 in
804 3926 882 3981 Pauli
901 3927 950 3979 RE
969 3927 1007 3978 lll
1028 3943 1055 3994 p.
1077 3928 1128 3979 413
1147 3941 1187 3992 sq.
1208 3934 1235 3981 et
1253 3927 1399 3982 Baehrium
1418 3925 1480 3980 hist.
1498 3926 1552 3982 litt.

419 4012 814 4080 mpmmmw

488 4101 514 4169 3)
530 4099 586 4153 ind.
604 4099 679 4152 lectt.
698 4102 766 4153 aest
785 4097 874 4152 Bercl.
894 4113 918 4152 a.
940 4099 1014 4152 1845.

488 4187 514 4256 4)
532 4185 592 4239 Hoc
609 4183 737 4238 iudicium
761 4183 956 4250 rectissimum
983 4183 1032 4237 sed
1057 4185 1192 4260 quomedo
1217 4185 1286 4247 baec
1304 4201 1349 4244 res
1367 4185 1553 4261 intellegenda

306 4331 310 4338 ,
419 4271 464 4350 sit,
483 4269 555 4324 infra
573 4269 725 4338 accuratius
746 4284 919 4351 exponemus,
