3362 5104
682 426 898 490 ..43-

217 598 308 683 apud
328 597 457 664 Sixtum
478 618 598 683 papam
610 598 792 663 Romanum
814 597 878 682 (ep.
902 602 937 662 8:
959 596 1067 662 nullus
1087 595 1196 662 obviet
1220 595 1359 663 salubri·

217 712 282 777 bus
305 711 506 790 constitutis,
536 710 644 776 nullus
665 709 950 794 praeceptionibus
972 708 1023 774 his
1046 709 1212 794 resultet);
1242 710 1359 776 deinde

219 823 310 908 apud
322 822 562 889 Cassiodorium
584 821 658 888 hist.
676 821 788 887 eeales.
808 827 836 901 5,
861 826 917 886 ll:
939 821 1053 887 Iudaei
1062 821 1236 888 tentabant
1256 822 1360 887 resul-

218 941 292 1001 tare
314 935 486 1016 Romanis3
518 940 551 1000 et
571 934 648 1000 ibid.
676 939 725 1014 11,
747 940 776 1000 4.
822 935 912 1013 Quae
934 933 1127 1016 significatio
1148 934 1359 1001 medio'aevo

219 1047 397 1114 admodum
412 1047 535 1114 usitata
552 1047 680 1112 videtur
694 1045 810 1127 fuisse;
830 1067 906 1112 nam
921 1047 1041 1131 Papias
1056 1046 1309 1131 glossographus
1324 1046 1359 1109 in

219 1159 432 1225 elementario
443 1159 611 1224 doetrinae
619 1157 812 1238 rudimento,
828 1157 915 1242 quod
926 1159 1084 1243 seriptum
1098 1164 1148 1224 est
1162 1158 1359 1226 saeouloun·

219 1271 363 1352 decimo,
392 1271 549 1337 ‘resultat’
576 1292 636 1356 per
658 1269 871 1336 ‘eontradioit’
893 1270 1129 1355 interpretatus
1150 1275 1200 1336 est
1222 1276 1255 1337 et
1279 1270 1359 1336 Gre-
1474 1339 1476 1343 ,

220 1384 332 1468 gorius
354 1383 565 1464 Turonensis,
589 1383 645 1466 qui
667 1382 779 1449 floruit
801 1382 931 1448 saeoulo
953 1388 1046 1449 sexto
1068 1388 1221 1464 exeunte,
1245 1382 1360 1449 eadem

219 1497 252 1561 vi
272 1494 494 1579 compluribus
516 1495 596 1561 loeis
619 1495 704 1560 hano
719 1515 832 1560 voeem
845 1496 1025 1580 usurpavit,
1048 1496 1137 1562 velut
1157 1497 1232 1562 hist.
1244 1495 1358 1561 Fraus.

218 1606 238 1671 I
260 1607 292 1672 X
315 1629 341 1673 e.
364 1608 408 1673 V:
439 1607 508 1673 ‘sed
528 1629 588 1672 nos
617 1607 779 1673 resultare
802 1607 967 1692 coepimus
992 1606 1153 1688 dieentes,
1186 1606 1274 1692 quod
1295 1628 1360 1673 non

219 1719 468 1786 aeorederemus
488 1719 531 1785 ad
553 1720 640 1786 huno
661 1718 787 1785 lornm'

305 1832 375 1898 Iam
397 1833 431 1897 in
453 1833 539 1898 huno
560 1853 731 1898 numerum
753 1830 927 1897 referenda
949 1837 998 1898 est
1018 1853 1081 1899 vox
1103 1832 1252 1912 ‘debilis'‚
1275 1852 1360 1914 quae

217 1945 253 2009 in
275 1943 406 2010 fabulae
427 1943 598 2010 XXXVIII
616 1964 714 2010 versu
733 1943 795 2009 XI:

324 2061 403 2122 tuno
424 2076 476 2121 me
498 2055 639 2122 nobilior
660 2077 779 2141 magno
801 2055 1001 2122 mercabitur
1025 2061 1161 2141 emptor,

324 2173 358 2234 te
381 2167 477 2233 simul
501 2188 577 2234 aere
600 2167 699 2234 brevi·
713 2167 820 2234 debile
842 2168 957 2252 vulgus
980 2173 1065 2234 emet

218 2280 385 2346 invenitur
415 2301 455 2345 ea
483 2280 645 2346 sententia
671 2281 795 2365 posita,
824 2285 863 2346 ut
889 2280 976 2346 idem
998 2279 1158 2365 significet
1180 2279 1269 2363 quod
1290 2279 1358 2346 ‘hu-

218 2392 306 2457 mile'
329 2392 396 2457 sive
412 2391 585 2458 ‘infimum’.
624 2391 722 2458 Cuius
738 2391 879 2459 notionis
898 2392 1039 2477 primum
1055 2391 1238 2477 exemplum
1258 2390 1359 2458 habe·

219 2525 292 2568 mus
314 2505 348 2568 in
380 2503 511 2569 decreto
536 2501 737 2570 Childeberti
765 2505 850 2588 regis
879 2505 978 2588 (saec.
1001 2504 1076 2589 VI),
1107 2504 1141 2568 in
1171 2524 1235 2587 quo
1257 2502 1359 2570 infimi

220 2615 345 2681 ordinis
377 2635 517 2699 persona
547 2615 664 2681 debilis
693 2615 830 2698 dieitur3
862 2621 992 2682 exstant
1020 2617 1105 2681 enim
1135 2616 1169 2681 in
1200 2638 1269 2700 esp.
1299 2615 1359 2681 Vll

219 2727 320 2792 haec:
348 2727 376 2792 si
388 2725 543 2792 ‘Francus
565 2726 674 2808 fuerit,
697 2728 739 2793 ad
760 2733 907 2795 nostram
930 2729 1151 2812 praesentiam
1173 2728 1359 2812 derigatur3

220 2840 283 2904 etsi
304 2838 443 2904 debilior
465 2860 606 2922 persona
624 2839 732 2920 fuerit,
756 2840 790 2904 in
811 2839 884 2905 loeo
896 2840 1077 2925 pendatur.’
1123 2840 1277 2905 Videmus
1298 2840 1355 2922 igi·

219 2956 275 3015 tur
298 2971 338 3015 ex
362 2950 426 3014 hae
448 2971 577 3034 quoque
607 2973 644 3017 re
670 2953 735 3017 iam
757 2953 938 3036 ingruentis
959 2951 1134 3018 barbariae
1157 2951 1358 3036 temporibus

219 3062 350 3128 fabulas
372 3062 446 3127 illas
469 3064 665 3147 compositas
688 3085 767 3129 esse.

303 3174 376 3253 ,Neo
397 3174 503 3240 minus
528 3175 672 3241 eiusdem
694 3177 742 3241 rei
763 3176 918 3257 indicium
942 3182 992 3242 est
1014 3177 1048 3242 in
1070 3177 1121 3242 his
1143 3175 1306 3242 versibus:

324 3286 345 3350 f.
382 3292 417 3366 8,
457 3292 493 3351 11
522 3309 585 3371 sq.:
620 3288 767 3372 Iuppiter
801 3294 836 3353 at
867 3289 976 3354 ridens
1013 3294 1188 3373 postquam
1225 3292 1359 3373 sperata

943 3401 1083 3484 negavit,

471 3511 604 3595 insuper
627 3516 660 3577 et
681 3533 819 3596 magnae
843 3512 975 3578 sustulit
998 3513 1086 3578 auris
1109 3534 1198 3578 onus.

325 3621 347 3684 f.
378 3626 429 3701 ⁶22,
453 3628 570 3707 'lsqqn
600 3623 651 3688 his
678 3643 807 3707 quoque
836 3645 871 3689 se
899 3624 1042 3689 medium
1065 3624 1160 3689 Titan
1193 3628 1357 3689 scrutatus

943 3740 1118 3820 utrumque

325 3844 444 3910 obtulit
466 3846 499 3910 et
519 3847 681 3930 ‘preoibus
703 3848 851 3931 Iuppiter
876 3847 1019 3932 aequus’‚
1042 3848 1098 3928 ait,

328 3957 560 4041 ‘praestandist
582 3959 702 4024 facilis:
724 3980 800 4024 nam
820 3981 907 4048 quae
930 3960 1111 4042 speraverit
1131 3980 1222 4038 unus,

324 4069 473 4152 protinus
495 4069 577 4135 haee
600 4071 684 4135 alter
704 4071 929 4155 congeminata
952 4071 1045 4136 feret.

218 4202 303 4264 quos
324 4203 436 4247 versus
460 4183 486 4246 si
508 4183 699 4266 perlegeris,
729 4183 871 4248 invenies
895 4182 1047 4267 sperandi
1069 4181 1160 4248 verbi
1183 4182 1356 4264 genuinam

217 4291 488 4376 significationem
511 4293 553 4359 ab
576 4295 699 4360 Avieno
721 4295 926 4363 immutatam
950 4317 1038 4378 esse,
1070 4300 1107 4365 ut
1138 4294 1224 4365 idem
1247 4293 1355 4364 valeat
