3362 5104
427 1498 521 1606 De
557 1501 794 1605 Aviani
831 1506 1061 1608 aetate.

267 1760 315 1824 De
343 1764 506 1842 tempore,
539 1780 603 1842 quo
633 1759 775 1824 Avienus
802 1759 988 1824 fabularum
1018 1764 1133 1825 auctor
1160 1758 1317 1836 floruerit,

179 1891 301 1952 magna
322 1869 436 1935 adhue
450 1870 594 1935 virorum
617 1869 787 1936 doctorum
810 1871 874 1936 fuit
896 1869 1074 1952 dubitati03
1102 1875 1202 1953 atque
1224 1874 1318 1934 tanta

181 1986 232 2047 est
254 1981 442 2065 opinionum
462 1981 691 2066 discrepantia,
717 1988 755 2047 ut
775 1981 950 2065 unicuique
973 1981 1113 2062 saeculo,
1136 2002 1220 2065 quae
1242 1985 1318 2046 sunt

180 2095 268 2158 inter
288 2092 427 2158 alterum
454 2098 488 2158 et
509 2098 653 2174 sextum,
688 2114 708 2158 a
730 2092 864 2177 singulis
885 2098 984 2177 poeta
1005 2093 1060 2158 ille
1082 2093 1244 2176 ascriptus
1267 2093 1317 2157 sit.

181 2205 262 2270 Cum
285 2209 394 2269 autem
411 2209 546 2288 propter
563 2205 773 2288 antiquarum
794 2204 980 2277 litterarum
995 2204 1164 2271 historiam
1185 2224 1250 2268 non
1270 2203 1317 2267 ita

182 2317 292 2402 exigui
321 2316 476 2381 momenti
507 2337 578 2382 esse
605 2321 756 2400 putemus
791 2316 988 2382 fabulatoris
1017 2315 1104 2381 illius
1132 2315 1318 2380 accuratius

180 2449 376 2513 pernoscere
396 2432 548 2506 aetatem,
570 2433 674 2492 totam
692 2427 777 2493 hano
793 2427 1017 2511 quaestionem
1029 2426 1135 2493 denuo
1147 2426 1317 2491 instituere

183 2547 284 2623 atque
306 2543 488 2605 retractare
510 2543 544 2605 et
560 2538 714 2622 quidnam
737 2539 801 2624 ipsi
819 2538 861 2604 ad
877 2538 994 2604 Aviani
1009 2542 1152 2604 aetatem
1172 2537 1317 2603 certiori·

180 2651 243 2717 bus
251 2650 370 2717 finibus
379 2649 708 2716 circumscribendam
717 2651 864 2716 conferre
871 2650 1033 2735 possimus
1041 2670 1201 2734 exponere
1214 2649 1317 2714 visum
1344 2679 1355 2704 ’-

180 2769 240 2829 est.
263 2763 456 2846 Priusquam
473 2768 582 2827 autem
597 2761 640 2826 ad
652 2762 737 2828 hanc
753 2784 822 2828 rem
837 2763 942 2846 ipsam
956 2761 1159 2841 accedamus,
1174 2760 1317 2826 virorum

181 2873 360 2956 doctorum,
384 2874 530 2957 quiante
550 2894 609 2939 nos
625 2873 665 2939 de
683 2874 799 2939 Ariani
813 2879 922 2939 aetate
933 2872 1055 2938 iudicia
1069 2873 1226 2952 fecerunt,
1248 2873 1317 2956 opi·

180 2987 293 3052 niones
308 2966 521 3069 contemplari
536 2985 742 3069 liceat:.qua
763 3006 864 3069 opera
881 2984 1052 3069 diligenter
1072 2989 1224 3068 suscepta
1246 2983 1318 3048 lieri

181 3119 278 3183 posse
301 3097 510 3177 arbitramur,
532 3103 570 3162 ut
592 3117 676 3180 quae
700 3118 753 3163 res
767 3101 871 3163 totam
889 3117 1022 3163 causam
1044 3095 1240 3176 contineant,
1263 3116 1316 3160 ao-

182 3211 327 3276 ouratins
349 3195 584 3293 intellegamus.

267 3321 375 3404 Atque
396 3325 432 3385 ut
447 3320 588 3404 primum
610 3319 651 3386 de
674 3341 785 3386 eorum
805 3320 967 3386 sententia
985 3341 1129 3404 agamus,
1152 3318 1208 3402 qui
1230 3319 1317 3384 hunc

182 3433 339 3497 Avianum
363 3453 436 3496 cum
458 3431 580 3497 Avieno
601 3432 671 3511 illo,
701 3432 757 3515 qui
780 3431 924 3496 carmina
946 3430 1164 3515 geographica
1186 3451 1316 3515 compo·

181 3544 256 3619 suit,
277 3541 511 3638 confuderunt,
541 3543 638 3609 huius
660 3543 780 3608 erroris
808 3548 994 3609 auctorest
1015 3541 1117 3607 Lilius
1139 3541 1317 3627 Gregorius

182 3655 361 3740 Gyraldus,
392 3655 448 3738 qui
476 3655 510 3719 in
539 3655 603 3721 illis
634 3655 674 3720 de
705 3658 876 3739 poetarum
899 3654 1037 3719 historia
1058 3653 1196 3736 dialogis
1210 3655 1234 3737 ¹)
1256 3653 1317 3717 has

180 3765 311 3831 fabulas
333 3765 454 3830 Avieno
485 3766 713 3832 attribuendas
744 3766 870 3850 censuit
898 3787 1004 3849 neque
1034 3785 1110 3830 vero
1139 3784 1199 3848 pro
1226 3769 1316 3829 certo

181 3878 244 3943 hoo
275 3877 488 3958 asseveravit,
519 3877 577 3942 sed
606 3899 645 3942 ea
667 3877 856 3942 condicione
884 3877 968 3957 lata,
996 3898 1037 3942 ne
1066 3875 1235 3960 inscriptio
1257 3896 1316 3940 nos

181 3989 320 4056 falleret.
370 3989 440 4054 lam
470 3989 556 4054 hunc
586 3994 716 4054 secutus
746 3988 901 4054 Pithoeus
911 3989 938 4073 2)
966 4009 1027 4072 pro
1058 3991 1147 4052 certo
1179 4007 1218 4051 ac
1248 3988 1316 4080 sine

181 4101 249 4166 ulla
271 4099 474 4166 dubitatione
497 4099 558 4165 has
578 4100 668 4165 XLII
690 4099 820 4166 fabulas
847 4099 932 4164 Rulo
953 4099 1049 4164 Festo
1071 4098 1192 4164 Avieno
1215 4099 1315 4163 ascri-

252 4273 277 4340 1)
297 4271 361 4327 dial.
380 4270 418 4325 lV
435 4287 464 4340 p.
484 4271 531 4325 191
552 4270 605 4340 (ed.
626 4270 709 4327 Basil.
729 4287 754 4327 a.
775 4271 860 4340 1580).
1296 4328 1299 4335 ,

249 4357 277 4427 2)
296 4355 441 4414 emendati.
459 4357 489 4412 in
506 4371 596 4427 poem.
616 4363 669 4414 vet.
688 4374 715 4428 p.
734 4358 785 4414 697
803 4355 862 4412 init.
882 4357 934 4426 (ed.
954 4356 1056 4412 Gener.
1074 4370 1099 4411 a
1119 4357 1206 4427 1596).
