3362 5104
839 433 1055 496 ...18-

377 619 463 684 quae
494 599 657 684 scriptura
690 605 723 664 et
750 602 930 666 sententiae
961 607 994 667 et
1019 601 1150 684 linguae
1172 602 1307 668 Latinae
1328 605 1430 671 indoli
1453 632 1516 696 ap-

376 711 504 776 tissima
521 715 572 776 est
593 717 692 795 atque
714 711 790 778 inde
813 733 973 778 summum
995 713 1134 778 fulcrum
1157 713 1272 793 babet,
1303 719 1390 798 quod
1421 726 1516 804 apud

378 823 572 906 Vergilium,
603 843 699 908 quem
729 845 855 889 summa
878 825 1046 908 diligentia
1074 825 1235 890 imitatum
1257 847 1327 891 esse
1351 830 1515 900 Asianum

377 935 463 1000 inira
487 933 689 1014 docebimus,
714 936 801 1000 idem
826 958 938 1002 versus
960 937 1087 1002 initium
1110 942 1233 1018 exstat3
1255 959 1328 1003 nam
1342 937 1385 1004 'in
1406 943 1514 1010 Geor-

377 1049 471 1130 gicon
494 1046 566 1112 libr.
588 1045 604 1111 I
627 1067 722 1112 versu
742 1046 800 1112 110
821 1046 959 1132 legimus
979 1048 1077 1113 haec:

480 1179 593 1224 rursus
616 1158 649 1224 in
672 1159 838 1244 obliquom
862 1181 958 1226 versu
980 1160 1161 1244 perrumpit
1182 1166 1302 1227 aratro.

375 1271 593 1337 Transeamus
622 1293 707 1337 nuno
737 1271 780 1336 ad
808 1271 906 1337 aliam
935 1270 1133 1356 syllabarum
1164 1271 1309 1338 finalium
1331 1284 1514 1344 commuta-

375 1383 512 1462 tionem,
541 1403 625 1467 qnae
653 1386 686 1447 et
714 1383 786 1466 ipsa
808 1402 828 1447 a
849 1389 965 1465 quarto
996 1382 1125 1448 saeculo
1156 1403 1227 1449 esse
1250 1386 1370 1469 coepit,
1400 1393 1439 1452 ut
1470 1412 1514 1456 ea

374 1494 494 1558 tertiae
511 1493 736 1559 declinationis
754 1492 923 1575 vocabula,
946 1515 1030 1578 quae
1052 1495 1085 1558 in
1101 1494 1153 1558 ‘ss'
1177 1495 1318 1576 exibant,
1338 1496 1515 1567 breviandi

375 1625 476 1671 causa
506 1605 677 1670 linirentur
704 1606 739 1669 in
768 1605 822 1670 ‘is’.
873 1606 986 1689 Neque
1015 1612 1124 1671 tamen
1153 1604 1216 1671 hoo
1246 1587 1333 1688 loco,
1373 1611 1429 1691 qui
1461 1620 1515 1678 est

374 1716 506 1783 fabulae
528 1717 650 1782 XXXV
680 1738 792 1782 versus
815 1717 907 1796 XIV,
937 1717 983 1782 ‘is’
1006 1717 1193 1783 terminatio
1224 1740 1245 1783 n
1266 1719 1430 1786 codicibus
1453 1744 1513 1787 ex-

374 1828 516 1909 hibetur,
538 1828 595 1894 sed
617 1828 680 1908 ιιε’,
700 1833 737 1893 ut
757 1829 799 1893 sit
818 1829 865 1893 ibi
885 1829 1119 1913 perscriptum:

478 1961 553 2006 mox
573 1961 702 2023 quoque
728 1938 838 2006 dilecti
869 1939 1015 2005 succedit
1040 1941 1074 2004 in
1093 1941 1207 2006 oscula
1227 1941 1338 2007 fratris

478 2057 624 2118 servatus
647 2052 763 2118 vetulis
785 2052 899 2118 unicus
921 2051 1016 2117 heres
1040 2052 1117 2116 avis,

376 2165 495 2230 Verum
527 2165 558 2228 ei
587 2163 651 2244 rei,
690 2168 800 2228 utrum
829 2164 942 2230 ‘heres'
972 2183 1013 2228 an
1036 2163 1141 2228 ‘heris'
1174 2167 1217 2230 sit
1245 2167 1417 2250 scriptum,
1444 2191 1512 2237 non

373 2276 509 2342 multum
541 2274 750 2342 tribuendum
783 2279 848 2340 est:
863 2276 887 2360 ι)
924 2276 986 2340 hoc
1018 2280 1106 2341 certe
1139 2283 1268 2342 constat
1296 2279 1382 2344 vocis
1412 2279 1512 2349 huius

373 2389 520 2454 ultimam
536 2389 665 2472 corripi.
712 2389 758 2452 Ac
780 2408 819 2451 ne
841 2386 901 2453 hos
923 2387 1053 2470 quidem
1074 2407 1187 2453 versus
1204 2388 1430 2457 Lachmannus
1453 2415 1510 2459 ex-

374 2500 504 2566 cludere
527 2499 679 2584 neglexit,
704 2499 854 2564 nimirum
885 2498 975 2564 nulla
998 2499 1063 2564 alia
1087 2519 1187 2565 causa
1208 2502 1384 2584 perductus
1409 2525 1510 2586 quam

372 2619 409 2677 ut
445 2613 530 2677 hanc
565 2612 802 2695 correptionem
836 2632 914 2675 sane
953 2610 995 2676 ab
1034 2612 1270 2677 Antoninorum
1306 2616 1509 2697 temporibus

373 2725 511 2790 alienam
532 2727 721 2788 removeret.
763 2720 827 2786 Sed
849 2743 889 2787 ne
910 2722 973 2787 hoc
992 2722 1122 2806 quidem
1137 2723 1209 2788 loco
1229 2725 1308 2790 mihi
1325 2729 1508 2810 persuasit:

371 2858 447 2902 nam
463 2841 695 2922 praeterquam
713 2833 801 2918 quod
817 2834 970 2900 similium
984 2835 1145 2900 rationum
1167 2837 1346 2919 compluria
1358 2840 1509 2923 exempla

372 2949 460 3032 apud
482 2948 641 3014 Asianum
663 2948 728 3012 iam
750 2946 944 3026 invenimus,
966 2945 1029 3011 hoc
1051 2947 1122 3012 loeo
1146 2949 1207 3012 etsi
1230 2948 1436 3013 concedimus
1458 2953 1509 3015 in-

371 3067 465 3144 tegra
494 3059 627 3125 fabulae
657 3059 818 3124 sententia
854 3079 966 3124 versus
1003 3059 1076 3125 illos
1107 3059 1211 3124 omitti
1242 3079 1354 3142 posse,
1390 3061 1508 3127 melius

370 3177 481 3238 tamen
504 3172 550 3236 eis
573 3170 694 3236 additis
725 3169 874 3236 concludi
902 3176 1001 3253 atque
1026 3171 1151 3236 absolvi
1178 3169 1323 3236 fabulam
1345 3174 1508 3239 neminem

371 3305 442 3350 esse
464 3289 544 3369 puto
569 3283 625 3366 qui
647 3288 752 3368 neget.

456 3396 525 3462 lam
548 3394 589 3461 ad
612 3395 701 3462 aliud
723 3396 886 3462 rationum
910 3395 1118 3460 metriearum
1142 3414 1243 3477 genus
1268 3415 1350 3477 quas
1383 3397 1507 3463 alienas

371 3531 390 3574 a
423 3508 631 3574 classicorum
668 3514 840 3592 poetarum
871 3506 1068 3574 carminibus
1101 3506 1243 3571 Avienus
1280 3507 1429 3573 adhibuit
1469 3515 1508 3574 ut

370 3621 545 3701 veniamus,
568 3621 602 3684 in
623 3620 754 3687 fabulae
776 3619 899 3685 XXXV
918 3639 1014 3684 versu
1032 3619 1063 3683 I:

473 3733 561 3797 fama
584 3732 742 3816 estquod
766 3732 928 3816 geminum
950 3729 1151 3816 profundens
1175 3730 1268 3794 simia
1286 3736 1416 3814 partum

474 3844 598 3909 dividat
619 3844 652 3908 in
675 3843 782 3909 varias
804 3844 941 3928 pignera
962 3849 1041 3908 nata
1063 3843 1157 3920 vices,

439 4071 463 4138 1)
482 4069 512 4122 Ιιι
530 4065 622 4122 codice
634 4066 791 4136 (tabellarii,
810 4067 944 4136 siquidem
962 4066 1067 4136 aliquid
1085 4066 1110 4120 ei
1128 4064 1280 4132 tribuimus,
1298 4065 1412 4121 alteram
1431 4067 1502 4122 eius-

370 4153 430 4209 dem
449 4153 558 4222 generis
583 4150 697 4208 formam
723 4153 863 4209 exstitisse
881 4153 990 4208 schedis
1008 4152 1138 4207 Gudiunis
1158 4150 1303 4219 docemur;
1329 4169 1391 4206 nam
1414 4152 1443 4207 in
1462 4153 1502 4206 la·

369 4240 450 4294 birine
469 4237 561 4292 XXlX
580 4253 661 4294 vorsu
680 4238 745 4292 xlx
765 4239 894 4308 scripturn
913 4239 951 4297 ibi
967 4248 1025 4293 orat
1042 4255 1096 4292 non
1115 4237 1240 4306 ‘hospes’‚
1260 4253 1339 4305 qnam
1358 4238 1501 4294 lectionem

370 4328 453 4383 ceteri
472 4324 580 4381 codices
599 4323 738 4394 exhibent,
758 4326 805 4381 sed
823 4325 944 4396 ‘hospitat
