3362 5104
839 359 1052 422 ...20-

375 531 455 597 nus’.
500 531 592 596 Haec
619 529 804 594 observatio
827 534 916 594 recte
945 550 980 593 se
1002 526 1118 609 habet3
1145 549 1250 611 neque
1279 534 1389 594 tamen
1410 529 1510 594 absti-

319 717 322 722 ,
375 645 447 709 nuit
470 645 614 708 Avienus
636 641 730 707 hiatu
752 641 954 707 admittendo
975 641 1008 705 in
1030 640 1137 706 media
1157 643 1353 725 pentametri
1374 641 1507 725 syllaba,

376 757 469 821 cuius
494 755 631 820 rationis
654 775 767 819 versus
792 752 880 837 apud
902 774 975 818 eum
998 753 1150 836 leguntur
1170 753 1221 818 hi:

479 874 531 946 41,
554 873 590 932 8:
613 865 783 931 immemor
808 865 865 929 illa
888 867 954 930 sui:
976 864 1134 948 amphora
1156 865 1256 943 dicor,
1279 867 1334 930 ait

480 984 531 1058 28,
556 983 611 1042 12:
635 997 734 1061 quam
756 975 845 1041 ferus
868 979 902 1040 in
924 977 1044 1041 domini
1068 997 1126 1041 ora
1149 978 1313 1061 sequentis
1336 984 1421 1060 agat.

480 1096 532 1170 26,
558 1093 614 1154 10:
639 1109 724 1174 quae
746 1094 897 1172 coeptum
919 1087 1043 1154 volucri
1066 1088 1273 1172 explicuisset
1294 1109 1383 1172 opus.
1463 1110 1467 1114 ’

375 1207 483 1288 Atque
511 1206 549 1267 ut
571 1221 591 1265 a
612 1201 718 1284 primo
741 1200 889 1283 exemplo
910 1200 1037 1264 initium
1060 1198 1233 1279 faciamus,
1263 1201 1296 1264 in
1325 1199 1388 1265 hoc
1415 1221 1512 1266 versu

379 1315 488 1380 omnia
531 1318 622 1378 recta
667 1333 706 1377 ac
745 1311 850 1397 proba
895 1316 971 1376 sunt
1010 1330 1115 1393 neque
1155 1311 1326 1395 quisquam
1367 1310 1510 1376 offendit.

377 1426 442 1500 Sed
464 1426 529 1490 iam
554 1425 588 1489 in
618 1423 721 1489 altero
753 1423 900 1507 exemplo
922 1421 1099 1489 haeserunt
1127 1423 1189 1488 viri
1211 1423 1314 1503 docti,
1345 1429 1378 1488 et
1399 1444 1510 1508 quam-

376 1558 473 1620 quam
498 1536 640 1600 omnium
656 1535 813 1600 librorum
832 1555 990 1600 consensu
1013 1555 1052 1600 ea
1071 1556 1169 1618 quam
1189 1536 1397 1618 ascripsimus
1413 1535 1509 1599 lectio

376 1648 597 1727 confirmatur,
621 1648 732 1712 variae
747 1647 894 1712 medelae
909 1648 1016 1712 versui
1037 1646 1084 1711 illi
1100 1646 1267 1712 adhibitae
1289 1652 1371 1713 sunt.
1408 1646 1509 1711 Lach-

374 1781 512 1827 mannus
538 1765 648 1825 autem
670 1759 757 1824 hunc
778 1759 812 1822 in
835 1758 965 1824 modum
990 1778 1119 1823 versum
1142 1758 1339 1824 emendavit:

479 1891 577 1956 quam
598 1871 631 1935 in
654 1871 775 1935 domini
800 1891 881 1935 aura
901 1869 1010 1935 ferens
1032 1890 1091 1935 ora
1113 1871 1277 1956 sequentis
1300 1875 1393 1954 agat3

375 2004 473 2067 quam
495 1983 666 2048 lectionem
687 1982 854 2066 indignam
871 1982 986 2046 Aviani
1004 1981 1166 2065 elegantia
1174 2003 1250 2047 esse
1273 1981 1509 2047 demonstrasse

375 2095 453 2160 mihi
479 2095 608 2161 videtur
630 2094 805 2160 Muellerus
829 2093 883 2178 (de
906 2076 941 2159 re
964 2097 1055 2158 metr.
1079 2115 1110 2177 p.
1135 2094 1228 2177 293),
1256 2115 1328 2158 cum
1350 2095 1383 2158 in
1405 2095 1509 2178 prima

375 2206 441 2272 arsi
459 2206 640 2272 hexametri
657 2226 853 2289 quamquam
874 2225 937 2269 non
955 2205 1064 2270 multis
1078 2204 1232 2289 exemphs
1251 2206 1425 2270 admissam
1440 2225 1510 2269 esse

374 2319 531 2404 synizesin
553 2317 595 2384 ah
619 2318 722 2383 Ennio
746 2316 870 2382 Lucilio
886 2317 1037 2382 Lucretio
1059 2317 1186 2382 Catullo
1209 2317 1355 2396 Horatio,
1378 2318 1411 2380 in
1433 2317 1508 2380 reli·

376 2431 447 2513 quis
472 2430 682 2497 classicorum
712 2434 883 2512 poctarum
918 2434 951 2494 et
979 2429 1013 2492 in
1036 2408 1286 2494 christianorum
1315 2428 1408 2494 libris
1429 2449 1510 2513 pau-

377 2542 506 2607 cissima
527 2541 664 2606 inveniri
684 2541 817 2605 doceret
838 2540 914 2604 talis
936 2540 1152 2624 inelegantiac
1175 2539 1335 2623 exempla,
1360 2560 1443 2622 quae
1467 2539 1509 2603 ab

376 2652 493 2717 Aviani
515 2652 547 2717 in
571 2652 689 2718 ceteris
710 2649 807 2716 rebus
830 2651 962 2717 levitate
984 2673 1118 2736 prorsus
1139 2651 1308 2732 abhorret3
1339 2671 1414 2716 nam
1437 2673 1511 2717 cum

374 2763 407 2828 iu
432 2762 620 2846 elisionibus
641 2761 851 2828 admittendis
877 2764 1103 2848 parcissimum
1131 2785 1201 2828 esse
1224 2764 1382 2828 brianum
1411 2783 1512 2846 supra

377 2875 598 2955 docuerimus,
632 2874 741 2941 facere
772 2896 836 2941 non
866 2896 1053 2959 possumus,
1090 2882 1127 2941 ut
1164 2876 1249 2940 hanc
1278 2876 1308 2938 ei
1338 2875 1424 2940 ultro
1454 2895 1511 2956 cg-

375 3007 526 3071 geramus
558 2987 804 3070 inelegantiam‚
843 2987 934 3053 cuius
962 2986 1085 3052 nullum
1116 2987 1204 3051 aliud
1233 2987 1266 3050 iu
1294 2986 1367 3077 illis
1389 2984 1511 3050 fabulis

376 3098 558 3181 exemplum
571 3103 693 3179 exstat3
717 3119 782 3182 qua
803 3099 875 3183 ipsa
898 3099 938 3163 de
958 3118 1058 3164 causa
1082 3097 1245 3164 reicienda
1268 3103 1318 3162 est
1341 3119 1380 3162 ea
1403 3118 1509 3162 emen-

375 3209 475 3291 datio,
498 3229 596 3292 quam
619 3210 789 3294 proposuit
811 3209 965 3276 Aemilius
987 3210 1171 3277 Baehrens:

479 3341 575 3404 quam
599 3322 632 3386 in
655 3321 776 3386 domini
799 3321 922 3387 Boreas
945 3328 1003 3387 cra
1026 3322 1192 3405 sequentis
1214 3327 1300 3405 agat.

375 3433 439 3498 Sed
461 3454 502 3498 ne
518 3432 693 3499 Muellerus
715 3432 846 3517 quidem
867 3433 953 3499 hunc
974 3432 1099 3499 hiatum
1120 3434 1242 3498 Ariane
1265 3433 1343 3497 darc
1367 3433 1509 3496 animum

373 3545 527 3610 inducere
558 3546 665 3628 potuit
692 3550 792 3630 atquc
820 3546 885 3611 alia
908 3544 1035 3611 medela
1057 3544 1207 3611 adbibita
1232 3544 1340 3609 locum
1368 3544 1416 3608 ita
1438 3563 1509 3608 ccr-

373 3656 468 3738 rexit,
490 3661 527 3722 ut
550 3655 721 3722 scriberet:

479 3788 576 3851 quam
599 3767 687 3833 ferus
708 3768 741 3831 iu
765 3767 886 3833 domini
908 3788 1046 3852 corpora
1069 3773 1183 3834 ventus
1206 3773 1290 3850 agat.
1304 3769 1328 3851 ¹)

444 3976 469 4039 1)
487 3972 546 4027 Hac
564 3971 753 4028 emendatione
770 3973 909 4029 meliorem
923 3973 1004 4028 huius
1018 3989 1112 4028 versus
1128 3974 1240 4030 formum
1254 3974 1355 4028 factam
1375 3989 1436 4029 esse
1453 3987 1507 4028 rne-

373 4059 469 4115 tricam
486 4057 620 4113 Muellero
638 4056 815 4113 libentissime
834 4057 969 4127 coucedo;
993 4060 1040 4114 sed
1059 4074 1093 4114 ca
1109 4066 1223 4129 recepta
1243 4061 1404 4115 sententiam
1423 4059 1507 4114 deteri

374 4153 455 4213 utque
474 4143 607 4199 orationis
625 4145 675 4198 viro
692 4141 755 4197 elidi
773 4159 827 4198 non
846 4143 946 4199 vides?
965 4145 1025 4212 quie
1045 4145 1117 4199 onim
1133 4151 1184 4214 est,
1203 4147 1249 4216 qui
1267 4145 1350 4199 mulio
1369 4144 1507 4199 efficacius

374 4230 408 4285 od
427 4230 507 4285 huius
526 4228 635 4285 subulae
653 4229 840 4285 condicionem
858 4239 939 4297 neget
957 4228 1030 4286 dicta
1048 4246 1108 4286 esse
1126 4232 1209 4289 haec:
1231 4233 1260 4286 in
1279 4248 1328 4287 ora
1347 4232 1449 4287 domini
1466 4247 1507 4286 se·
