3362 5104
807 356 1023 420 ..44-

350 525 439 609 quod
462 525 608 609 ‘rogare’
653 526 744 604 Quae
770 525 860 590 notio
892 525 1023 591 anullo
1048 526 1244 610 scriptorum
1265 528 1489 596 Romanorum

349 638 493 703 admissa
522 643 571 703 est
592 638 655 702 nisi
676 636 718 702 ab
741 636 805 716 eis,
836 637 892 720 qui
912 636 1019 702 medio
1049 657 1128 704 aevo
1158 639 1318 722 floruere3
1346 663 1424 706 nam
1453 645 1491 708 iu

348 750 482 833 regulae
504 750 599 815 Pauli
622 754 655 815 st
677 748 834 833 Stephani
856 749 963 832 capite
985 749 1030 815 IV
1051 748 1189 834 legimus
1210 752 1308 818 haec:
1336 753 1428 818 ‘nulli
1448 756 1490 820 li·

348 867 422 927 ceat
448 860 573 944 absque
594 860 717 926 Prioris
746 859 907 945 permissu
934 859 974 925 de
1003 881 1102 946 opere
1129 862 1182 928 dei
1210 863 1395 947 discedere3
1428 868 1489 933 sed

349 994 445 1057 quem
468 994 569 1040 causa
587 971 762 1039 manifesta
785 971 986 1056 compuderit,
1009 973 1156 1040 oratione
1179 975 1330 1040 aPriore
1353 984 1490 1060 sperata

350 1090 384 1150 et
405 1107 559 1152 concessa
580 1085 752 1168 obtineat'3
780 1107 840 1151 neo
862 1107 927 1152 nou
948 1087 982 1150 iu
1005 1085 1149 1151 eiusdem
1171 1089 1305 1170 regulae
1328 1089 1437 1173 capite
1459 1092 1490 1156 V

348 1203 478 1264 exstant
504 1198 628 1283 scripta
656 1196 754 1264 haec:
785 1203 855 1263 ‘uec
884 1197 969 1278 bini,
1000 1219 1061 1263 uec
1082 1199 1185 1279 terni,
1216 1198 1274 1264 sed
1296 1200 1489 1283 singillatim

349 1315 505 1376 exeuntes
535 1311 717 1376 orationem
747 1310 896 1395 sperent?
946 1309 1069 1375 Eadem
1106 1311 1301 1394 significatio
1334 1314 1408 1378 voci
1438 1315 1490 1380 illi

350 1421 498 1488 subiecta
527 1427 578 1487 est
605 1422 639 1486 iu
674 1421 830 1506 epistula,
868 1443 967 1504 quam
996 1421 1062 1486 Leo
1092 1423 1263 1508 episcopus
1291 1424 1490 1492 Seuouensis

348 1536 447 1620 (saec.
470 1534 528 1618 Vl)
541 1533 584 1599 ad
601 1533 844 1600 childebertum
863 1554 974 1617 regem
994 1533 1101 1600 dedit:
1126 1533 1192 1600 ‘ubi
1215 1557 1348 1620 sperare
1371 1537 1488 1621 digna·

349 1647 442 1727 mini,
464 1651 502 1712 ut
524 1646 567 1711 ad
590 1645 807 1711 ordinandum
831 1644 1069 1710 Meoledsusem
1090 1647 1288 1730 Episcopum
1311 1654 1370 1714 aut
1389 1671 1490 1734 prae·

348 1759 454 1824 sentia
469 1762 584 1823 nostra
597 1757 712 1824 adesse
730 1756 857 1838 debeat,
872 1757 1139 1840 eutoonsensus'3
1161 1779 1222 1824 uec
1236 1780 1301 1824 non
1314 1761 1490 1845 inlosephi

347 1870 454 1937 Iscani
484 1869 563 1936 belli
592 1870 724 1935 Troiani
752 1869 826 1936 libr.
861 1869 906 1934 VI
932 1890 1029 1935 versu
1058 1875 1120 1936 228
1151 1871 1214 1954 (ed.
1244 1871 1275 1936 S.
1297 1872 1489 1939 Dresemius

264 2021 269 2030 ·
348 1982 553 2048 Francofurt.
576 2003 605 2047 a.
631 1983 742 2065 1620).
780 1981 871 2047 Haec
892 1981 992 2065 igitur
1009 1981 1163 2066 sperandi
1184 1983 1273 2048 vocis
1291 1983 1489 2066 significatio

347 2094 454 2160 medio
478 2114 558 2159 aevo
589 2093 718 2159 videtur
746 2093 904 2177 viguisse,
935 2093 1026 2158 cuius
1054 2093 1102 2158 rei
1130 2094 1225 2159 initia
1246 2095 1427 2161 invenimus
1451 2097 1488 2160 in

348 2206 464 2272 Aviani
483 2204 614 2286 fabulis,
638 2205 694 2289 qui
711 2204 797 2270 hauc
810 2205 1079 2288 significationem
1095 2210 1153 2271 aut
1173 2205 1243 2290 ipse
1260 2227 1396 2272 novasse
1418 2213 1487 2288 aut,

350 2319 386 2383 id
409 2318 496 2402 quod
525 2316 730 2383 verisimilius
752 2322 818 2397 est,
849 2338 889 2382 ex
912 2316 1097 2400 aequalium
1119 2339 1180 2383 usu
1209 2320 1399 2403 novatam¹)
1429 2319 1488 2384 ad·

346 2429 491 2496 hibuisse
514 2430 707 2495 statuendus
727 2433 785 2494 est.

418 2602 442 2670 1)
460 2599 585 2656 Fuerunt
603 2601 651 2668 qui
668 2601 742 2669 apud
761 2600 885 2654 Plautum
905 2614 1015 2668 quoque
1032 2600 1114 2654 huius
1132 2600 1341 2670 significationis
1359 2603 1487 2670 exempla

347 2686 464 2742 inveniri
482 2687 612 2754 dicerent,
630 2687 707 2742 cuius
725 2687 826 2742 erroris
845 2688 943 2741 auctor
962 2691 1004 2740 est
1021 2685 1132 2742 Servius
1150 2688 1364 2756 grammaticus,
1385 2689 1432 2756 qui
1449 2689 1486 2743 ad

347 2773 430 2842 Verg.
455 2775 523 2828 Aen.
549 2774 579 2842 I,
605 2774 656 2828 543
682 2773 752 2828 haec
778 2773 920 2827 annotavit
941 2771 995 2840 (ed.
1014 2773 1046 2826 G.
1066 2773 1148 2829 Thilo
1166 2773 1244 2842 Lips.
1270 2790 1294 2828 a.
1322 2776 1415 2844 1881):
1440 2774 1486 2844 ‘[si

347 2849 435 2931 genus
453 2861 600 2915 humanum
626 2864 655 2913 et
672 2859 800 2914 mortalia
826 2860 946 2914 temnitis
965 2876 1055 2929 arma,
1082 2859 1121 2913 At
1138 2867 1249 2928 sperate
1267 2861 1332 2915 deos
1350 2876 1486 2916 memores

347 2947 425 3002 fandi
443 2953 525 3014 atque
542 2945 666 3016 nefandi]
682 2945 796 3001 abusive
814 2945 915 3015 timete,
933 2951 965 3000 ut
980 2947 1047 3001 alibi
1065 2949 1101 3015 (4,
1119 2947 1179 3016 419)
1204 2947 1278 3000 hunc
1295 2963 1347 3015 ego
1366 2947 1389 3001 si
1407 2949 1486 3016 potui

346 3037 455 3088 tantum
469 3047 582 3101 sperare
592 3032 721 3100 dolorem,
737 3047 797 3086 cum
812 3047 954 3100 speremus
971 3033 1052 3101 bona,
1067 3033 1209 3088 timeamus
1223 3033 1346 3087 adversa.
1368 3032 1485 3089 Veteres

347 3124 439 3173 tamen
450 3133 562 3187 sperare
573 3117 710 3185 dicebant,
727 3118 838 3173 deorum
852 3118 954 3174 auxilia
966 3127 1100 3188 spectare.
1124 3118 1236 3173 Plautus
1251 3117 1281 3171 in
1292 3119 1382 3174 Milite
1392 3119 1448 3188 (IV,
1458 3121 1485 3189 5,

349 3207 409 3274 10):
423 3203 491 3258 deos
502 3203 619 3272 sperabo
634 3210 715 3272 teque
730 3209 871 3273 postremo
885 3211 985 3275 tamen,
1004 3205 1034 3258 in
1045 3205 1143 3260 casina
1161 3204 1213 3272 (11,
1233 3206 1259 3273 5,
1276 3206 1336 3274 37):
1356 3205 1407 3259 diis
1425 3222 1485 3261 sum

347 3288 449 3357 fretus,
470 3290 534 3345 deos
552 3290 740 3358 sperabimus’.
776 3291 878 3345 Contra
894 3292 946 3346 viri
963 3292 1065 3347 eruditi
1084 3290 1243 3346 Gulielmius
1261 3293 1377 3359 (quaest.
1397 3291 1485 3347 Plaut.

347 3377 375 3430 in
394 3376 484 3432 Oasin.
504 3391 525 3430 o.
546 3376 610 3445 IV),
633 3375 785 3431 Lambinus
810 3376 856 3443 (ed
874 3377 964 3433 Oasin.
992 3378 1009 3432 l.
1029 3381 1080 3447 c),
1104 3377 1299 3431 Taubmannus
1317 3376 1432 3446 (ednott.
1450 3378 1485 3432 ad

347 3462 364 3517 l.
384 3464 427 3531 c),
447 3463 601 3517 Gronovius
620 3461 735 3531 (adnott.
762 3462 843 3516 adh.
868 3463 896 3531 1.)
914 3463 954 3518 ita
971 3464 1044 3518 hunc
1063 3463 1191 3533 sperandi
1208 3463 1286 3517 verbi
1304 3479 1383 3518 usum
1399 3463 1484 3517 inter-

347 3549 449 3618 pretati
468 3552 547 3618 sunt,
571 3553 602 3602 ut
618 3548 691 3602 idem
710 3563 771 3603 esse
788 3548 912 3606 dicerent
930 3550 1004 3618 quod
1021 3550 1059 3604 ‘iu
1077 3549 1136 3603 deis
1153 3548 1316 3616 confidere'‚
1335 3553 1417 3616 atque
1435 3566 1485 3616 per

347 3636 454 3703 ellipsin
472 3634 543 3689 hanc
561 3634 728 3690 locutionem
747 3639 906 3703 usurpatam
924 3651 985 3691 esse
1004 3637 1161 3691 statuerent
1178 3650 1245 3704 pro:
1264 3634 1330 3688 deos
1349 3634 1485 3703 propitios

347 3719 407 3776 fore
425 3737 515 3790 spero.
550 3721 645 3788 Neque
663 3721 729 3789 quin
746 3720 791 3775 his
803 3721 1006 3776 assentiendum
1025 3723 1070 3790 sit,
1089 3721 1199 3777 dubium
1218 3737 1280 3776 esse
1297 3725 1403 3790 potest;
1421 3737 1485 3776 nam

347 3808 369 3861 si
390 3807 545 3862 accuratius
563 3807 592 3860 iu
616 3808 693 3862 locos
719 3807 781 3862 illos
800 3807 943 3862 Plautinos
967 3807 1206 3876 inquisiverimus‚
1233 3807 1313 3861 facile
1330 3806 1486 3861 videbimus

347 3893 421 3947 nullo
429 3895 510 3948 modo
519 3909 577 3948 eam
586 3892 820 3962 significationem,
829 3910 910 3961 quam
918 3894 1062 3949 voluerunt
1072 3893 1122 3961 illi,
1135 3894 1177 3948 his
1185 3894 1286 3949 locisiu
1294 3893 1486 3948 illalocutioue

346 3980 445 4034 inesse.
466 3978 1485 4049 lamutabeisexemplisqueattulitServius,proficiscamur,incasinae

347 4066 471 4121 versibus
480 4066 583 4133 (Oasin.
595 4068 621 4134 2,
641 4069 666 4133 5,
685 4067 719 4120 34
737 4068 797 4134 sq.),
816 4082 876 4120 cum
887 4066 1012 4136 Olympio
1033 4067 1066 4120 de
1081 4065 1160 4120 firma
1178 4081 1228 4134 spe
1248 4081 1280 4121 ac
1292 4065 1390 4120 fiducia
1405 4065 1484 4134 Lysi·

348 4151 421 4205 demi
438 4152 501 4221 (hoo
517 4167 654 4220 personae
671 4152 744 4207 illius
761 4168 858 4208 nomen
876 4167 944 4221 esse,
962 4168 1015 4208 non
1028 4151 1195 4208 Stalinonem
1213 4151 1306 4207 docuit
1318 4150 1484 4206 Ritschelius

347 4252 441 4308 opusc.
460 4237 516 4306 lll,
534 4256 561 4308 p.
581 4240 714 4308 321⁸bl,
732 4254 811 4308 quam
831 4238 878 4294 ille
896 4238 924 4294 in
942 4238 1014 4296 forte
1032 4238 1189 4308 collocaret,
1206 4255 1264 4294 rem
1282 4238 1352 4292 bene
1370 4243 1481 4293 eventu·
