3362 5104
659 419 870 501 ..15-

197 611 433 694 interpolatore
458 610 598 692 quodam
615 607 762 673 subditos
784 628 854 672 esse
874 609 1014 688 censuit,
1038 628 1076 671 ac
1093 612 1181 672 certe
1203 606 1333 673 infimae
1406 591 1409 595 ⁴

197 723 385 788 Latinitatis
402 722 484 788 haec
503 723 638 806 propria
653 726 728 785 sunt
742 740 847 803 neque
871 725 946 784 ante
969 720 1145 785 Ausonium
1166 722 1333 804 reperiun-

197 840 251 899 tur
265 836 307 919 1);
342 833 400 899 sed
430 833 471 899 ab
495 853 532 898 oo
559 838 706 916 tempore
735 831 817 896 haec
846 831 979 896 licentia
1007 833 1141 917 irrepsit
1169 833 1333 915 pauloque

195 951 272 1030 post
293 945 443 1029 viguit2).
488 945 603 1027 Itaque
623 944 746 1008 maiore
770 944 920 1008 cautione
943 948 1042 1026 atque
1066 942 1234 1008 subtiliore
1258 963 1333 1008 oon·

196 1057 394 1123 sideratione
421 1058 449 1121 si
472 1057 611 1134 utimur,
643 1056 691 1120 ita
712 1054 805 1120 nobis
830 1040 1102 1138 progrediendum
1126 1060 1190 1134 est,
1220 1060 1272 1135 ut,
1305 1055 1333 1120 si

196 1171 281 1235 aliae
323 1174 455 1253 praeter
497 1168 587 1233 illam
633 1166 842 1233 difficultates
886 1166 1132 1250 inexplicabiles
1172 1168 1205 1231 in
1252 1167 1333 1231 locis

196 1281 262 1347 illis
284 1282 397 1361 insint,
420 1280 479 1345 hos
501 1301 613 1345 versus
637 1280 801 1344 deleamus
824 1284 922 1363 atque
945 1301 965 1342 a
988 1280 1146 1362 scriptore
1169 1279 1333 1343 abiudico-

195 1416 285 1474 mus,
325 1414 436 1458 verum
464 1393 491 1458 si
520 1393 627 1458 omnia
657 1390 739 1456 bene
778 1391 959 1475 procedant
986 1411 1091 1474 neque
1129 1391 1201 1456 aliis
1238 1391 1331 1455 simul

195 1506 295 1570 robus
317 1506 459 1589 suspicio
478 1509 647 1569 moveatur
660 1523 789 1568 versum
804 1503 1007 1587 suppositum
1029 1523 1110 1582 esse,
1134 1503 1163 1567 ci
1184 1504 1333 1585 tempori,

196 1638 261 1701 quo
283 1617 366 1683 tales
388 1617 496 1682 resin
518 1638 613 1681 usum
634 1609 776 1694 veniunt,
800 1619 950 1679 auctores
975 1615 1209 1695 attribuamus,
1236 1634 1334 1696 quam

196 1729 240 1792 ad
263 1730 484 1811 quaestionem
508 1726 746 1811 profligandam
769 1747 810 1791 ex
832 1747 867 1790 rc
889 1726 1019 1792 videtur
1041 1747 1127 1805 osse,
1154 1727 1247 1791 utin
1270 1727 1334 1791 sin·

196 1840 290 1923 gulos
311 1841 401 1906 locos
433 1834 618 1905 accuratius
648 1839 851 1921 inquiramus
874 1843 907 1902 et
929 1859 992 1921 quo
1015 1838 1086 1903 iure
1108 1838 1335 1903 Lachmannus

196 1971 252 2016 cos
274 1953 366 2017 uncis
387 1952 556 2017 incluserit
577 1949 752 2016 videamus.

283 2065 353 2128 Iam
375 2068 412 2128 ut
432 2062 679 2147 proficiscamur
702 2082 722 2126 a
745 2060 877 2127 fabulae
900 2061 946 2125 lll
968 2060 1115 2127 versibus
1136 2060 1183 2126 Ill
1207 2066 1239 2126 et
1262 2061 1307 2126 X:

300 2175 412 2258 dispar
433 2180 512 2240 erat'
523 2173 632 2256 fragili
657 2178 690 2238 et
712 2172 835 2238 solidae
859 2173 1033 2238 concordia
1055 2178 1171 2253 motus,

300 2290 524 2370 incertumque
546 2305 649 2368 vagus
674 2285 777 2350 amnis
799 2283 945 2350 habebat
966 2285 1037 2365 iter,
1096 2369 1097 2372 Ἴ

196 2400 259 2464 hoc
281 2398 443 2464 distichon
466 2403 504 2463 ut
533 2397 741 2480 nugatorium
763 2396 989 2462 Lachmannus
1013 2397 1123 2477 eiecit3
1157 2417 1261 2479 neque
1284 2401 1335 2461 ta-

197 2531 273 2576 men
304 2510 338 2574 id
370 2529 646 2594 supervacaneum
678 2512 729 2573 est
750 2507 849 2587 adeo,
879 2514 916 2572 ut
947 2529 984 2574 eo
1016 2507 1228 2593 supersedere
1259 2528 1336 2590 que·

197 2643 300 2701 amus,
318 2621 439 2704 quippe
451 2642 515 2704 quo
529 2621 572 2686 ad
583 2619 834 2704 intellegendam
845 2619 946 2685 totius
962 2619 1094 2685 fabulae
1114 2618 1335 2685 condicionem

196 2733 482 2816 narrationemque
514 2753 598 2816 quae
631 2732 817 2796 necessaria
839 2735 915 2797 sunt
947 2737 1158 2814 exponantur.
1204 2733 1336 2814 Dispari

196 2844 283 2909 enim
311 2864 443 2909 acroam
465 2849 499 2909 et
521 2844 644 2909 luteam
676 2842 774 2908 ollam
797 2863 894 2908 cursu
922 2844 942 2907 i.
966 2863 991 2908 e.
1015 2843 1143 2909 diversa
1166 2844 1333 2908 celeritate

197 2977 287 3039 aqua
309 2955 388 3020 ferri
410 2976 475 3020 non
496 2976 556 3039 per
584 2977 618 3020 se
646 2955 754 3038 ipsum
775 2959 868 3037 patet
889 2975 994 3038 neque
1017 2954 1166 3020 omnibus
1188 2961 1256 3020 tam
1278 2975 1334 3018 no-

196 3071 269 3131 tum
291 3072 350 3147 est,
372 3071 409 3131 ut
431 3066 494 3132 hoc
517 3071 652 3150 aposta
672 3065 819 3131 additum
840 3067 1048 3150 nugatorium
1072 3072 1170 3150 atque
1189 3067 1336 3149 ineptum

197 3180 259 3258 sit,
290 3177 407 3243 deinde
431 3199 503 3242 cum
531 3183 643 3242 narret
670 3182 769 3261 poeta
790 3178 952 3243 incertum
979 3179 1042 3243 iter
1064 3199 1191 3243 amnem
1213 3177 1335 3243 habere

195 3291 217 3354 i.
245 3311 272 3354 e.
297 3288 477 3354 flexuosum
493 3309 563 3354 esse
576 3289 718 3369 fluvium,
741 3288 903 3373 quomodo
919 3288 990 3356 fiori
1007 3292 1160 3373 potuerit,
1183 3289 1335 3370 illustrat,

195 3406 251 3480 ut,
282 3421 479 3484 quamquam
502 3401 630 3466 diversa
652 3400 820 3466 celeritate
851 3401 934 3466 ollae
963 3400 1116 3467 fluctibus
1145 3402 1335 3484 agebantur,

196 3512 380 3598 periculum
397 3517 492 3592 esset,
515 3533 556 3578 ne
576 3513 663 3578 inter
685 3533 720 3578 se
743 3511 941 3593 colliderent,
964 3514 1075 3596 itaque
1099 3533 1195 3578 aerea
1217 3517 1336 3577 testam

197 3628 346 3690 moneret
356 3625 392 3707 ³),
414 3645 455 3688 ne
476 3643 579 3708 propo
600 3622 658 3688 sed
677 3624 842 3707 longiusa
864 3645 898 3688 se
921 3625 984 3690 iter
1006 3624 1139 3691 faceret.
1185 3624 1335 3689 Ceterum

197 3736 299 3802 ctiam
322 3755 361 3800 ea
382 3754 427 3815 re,
452 3735 540 3818 quod
560 3735 595 3799 in
611 3756 708 3800 versu
722 3735 783 3801 VH
803 3736 925 3818 legitur
947 3737 1084 3815 ‘tamen’,
1106 3735 1279 3814 indicatur,
1301 3737 1335 3798 in

270 3971 295 4036 l)
315 3965 350 4022 ci.
369 3966 437 4020 Luc.
457 3966 574 4022 Mueller
594 3966 628 4022 da
645 3981 675 4021 rc
692 3973 769 4022 metr.
788 3983 816 4036 p.
835 3968 885 4021 341
908 3981 950 4036 sq.

268 4054 294 4122 2)
313 4054 417 4108 Auson.
435 4051 511 4122 idyll.
533 4055 573 4122 11,
592 4053 769 4119 54;,Ennod.
789 4067 878 4107 cama
893 4052 928 4121 ΙΙ,
949 4053 1008 4121 136,
1025 4053 1050 4104 8.

268 4138 295 4208 8)
312 4137 455 4208 legendum
481 4153 558 4194 esse:
584 4138 705 4194 ‘iubebat
729 4139 830 4195 sociam
855 4138 964 4207 longius
988 4139 1028 4192 ire
1045 4138 1139 4207 viam’,
1162 4138 1235 4192 infra
1259 4137 1335 4192 doce-

195 4225 297 4280 bimus.
