3362 5104
666 463 859 522 ..9.-

198 655 270 697 cum
294 631 474 697 sentcntiae
492 630 580 695 illius
594 629 837 695 fundamentum
864 651 994 714 epravc
1013 629 1134 695 iudicio
1148 628 1329 713 profectum

194 745 420 824 labefactaret,
437 749 543 809 totum
554 743 780 826 Cannegieteri
794 742 987 822 aedificium,
1006 748 1044 808 ut
1058 744 1106 807 ita
1123 742 1238 821 dicam,
1255 739 1331 805 sub-

194 857 300 922 vertit.
345 856 377 922 Is
399 856 485 921 enim
506 856 618 920 docuit
639 855 798 920 Asianum
820 854 933 920 inille
956 855 1096 940 epistula
1125 875 1188 919 non
1220 875 1330 918 omnes

193 968 386 1033 fabularum
410 968 603 1051 scriptores,
625 967 682 1050 qui
707 972 783 1032 ante
805 989 839 1031 se
861 967 1007 1046 fuissent,
1032 987 1222 1032 enumerare
1242 965 1330 1032 volu·

195 1081 278 1159 isse,
303 1079 360 1144 sed
380 1077 415 1143 id
434 1084 562 1144 tantum
583 1079 705 1162 egisse,
730 1083 783 1157 ut,
815 1099 887 1143 cum
910 1079 1107 1144 clarissimos
1129 1077 1329 1143 fabulatores

195 1190 338 1271 afferret,
359 1190 448 1256 illam
470 1191 655 1269 materiem,
677 1191 729 1256 cui
761 1191 900 1257 nominis
923 1190 1112 1256 memoriam
1134 1189 1329 1266 mandasset,

196 1301 439 1369 commendaret
451 1301 585 1368 lecturis
600 1309 731 1387 atquae
749 1304 948 1388 exemplaria
961 1309 1161 1386 sequeretur,
1182 1302 1329 1368 referret.

193 1416 242 1479 Ac
257 1419 345 1480 certe
367 1415 401 1478 in
417 1413 480 1478 hac
497 1435 533 1478 re
550 1415 737 1480 doctissimo
754 1416 802 1480 illi
818 1416 887 1481 viro
903 1416 1054 1481 assentiri
1073 1414 1237 1494 debemus,
1252 1434 1328 1477 nam

195 1527 336 1610 primum
353 1525 448 1590 aliter
464 1531 496 1591 et
509 1527 646 1610 plenius,
666 1527 693 1592 si
709 1528 851 1592 omnium
867 1533 1038 1593 auctorum
1056 1528 1111 1611 qui
1130 1527 1330 1610 scripserunt

194 1637 325 1703 fabulas
343 1636 517 1721 Aesopeos,
540 1639 671 1703 nomina
693 1659 862 1704 recensere
879 1640 1022 1704 Avienus
1044 1614 1207 1717 voluisset,
1230 1637 1330 1701 series

194 1749 339 1832 ordoque
363 1748 479 1814 fuisset
502 1749 764 1831 constituendus,
790 1750 907 1816 deinde
930 1751 986 1834 qui
1000 1756 1098 1835 putas
1112 1749 1235 1815 factum
1250 1769 1329 1824 esse,

194 1865 232 1927 nt
247 1862 281 1925 in
296 1859 518 1926 fabulatorum
531 1883 701 1927 numerum
719 1862 857 1928 referret
874 1863 1041 1928 Socratem
1057 1863 1091 1947 (i.
1109 1884 1135 1926 e.
1147 1862 1329 1943 Platonem)

192 1978 227 2038 et
246 1972 428 2052 Horatium,
453 1974 509 2055 qui
523 1973 686 2038 interdum
708 1995 768 2058 pro
790 1975 946 2059 exemplo,
967 1980 1004 2039 ut
1026 1975 1074 2039 ait
1094 1975 1164 2059 ipse
1179 1973 1329 2050 luanus,

193 2083 396 2149 sermonibus
436 2084 503 2149 suis
534 2084 663 2150 fabulas
703 2085 968 2151 admiscuerunt?
1013 2087 1073 2152 Est
1108 2091 1217 2151 autern
1247 2083 1329 2148 haec

192 2195 280 2260 illius
310 2195 375 2260 loci
410 2197 589 2276 sententia,
626 2202 663 2261 ut
698 2198 839 2280 primum
862 2200 1024 2282 Aesopum
1054 2199 1212 2263 materiae
1241 2196 1328 2260 illius

195 2306 311 2372 ducem
335 2313 368 2372 et
396 2311 562 2373 auctorem
590 2309 775 2392 praedicet,
808 2331 903 2393 quem
926 2310 1085 2394 Apollinis
1107 2307 1256 2392 Delphici
1278 2328 1327 2371 11-λ

192 2439 311 2502 sponso
340 2418 514 2502 impulsum
543 2441 613 2486 esse
643 2421 685 2485 ad
713 2421 842 2486 fabulas
872 2421 1072 2486 enarrandas
1111 2421 1172 2500 ait,
1212 2417 1326 2484 deinde

196 2530 310 2613 quanti
332 2529 394 2593 viri
412 2532 573 2614 sapientia
586 2532 738 2615 insignes,
762 2533 875 2615 inquo
893 2553 1026 2598 numero
1044 2531 1140 2598 affert
1160 2532 1326 2597 Socratem

192 2645 226 2704 et
237 2641 418 2720 Horatium,
442 2641 572 2707 fabulas
594 2642 741 2724 fecerint,
765 2644 898 2726 doceat3
920 2650 990 2709 tum
1014 2666 1068 2710 eos
1088 2647 1327 2718 commemorat,

192 2753 250 2834 qui
279 2751 465 2817 fabularum
496 2775 634 2838 corpora
666 2755 855 2835 ediderunt,
888 2778 927 2821 ex
960 2755 1078 2839 quibus
1108 2755 1265 2820 Babrium
1296 2759 1328 2817 et

192 2862 387 2943 Phaedrum,
411 2865 531 2948 quippe
554 2886 690 2948 quorum
720 2867 774 2931 ille
798 2867 1008 2947 Graecorum,
1030 2868 1084 2932 hic
1108 2868 1324 2931 Romanorum

195 2974 395 3040 clarissimus
416 2975 582 3041 fabulator
604 2977 712 3058 fuerit,
734 2980 889 3044 nominat.
926 2979 1020 3058 Quod
1040 2980 1074 3043 in
1096 2979 1146 3043 his
1163 2977 1325 3042 Titianum

192 3107 258 3149 non
281 3085 385 3166 affert,
408 3086 498 3152 vides
517 3089 582 3153 iam
606 3110 704 3173 quam
725 3111 790 3155 non
813 3091 930 3155 mirum
953 3091 1013 3171 sit3
1036 3091 1091 3175 qui
1115 3091 1198 3156 enim
1220 3089 1328 3173 potuit

190 3196 306 3261 Aviani
336 3198 398 3263 hoo
425 3199 498 3264 loco
519 3199 676 3265 interesse
700 3202 769 3267 eius
798 3223 914 3267 nomen
942 3223 1079 3286 ponere,
1109 3203 1161 3267 cui
1184 3201 1249 3266 alia
1274 3221 1326 3264 ree

191 3306 283 3373 nulla
311 3309 402 3374 laudi
425 3309 496 3375 dari
523 3316 655 3395 poterat
682 3313 745 3377 nisi
768 3313 855 3396 quod
877 3313 990 3378 Babrii
1020 3314 1148 3379 fabulas
1171 3311 1327 3376 1111111111

191 3421 388 3504 compositas
409 3422 485 3486 exili
509 3423 530 3487 i.
554 3444 580 3487 e.
610 3423 756 3507 pedestri
779 3446 925 3490 sermone
953 3426 987 3488 in
1009 3426 1153 3509 lingnam
1175 3424 1323 3487 Latinam

191 3533 405 3598 convertisset
415 3534 448 3616 ¹).
493 3536 562 3600 lam
592 3535 671 3619 quid
701 3537 771 3619 ipse
793 3534 832 3600 de
859 3537 974 3601 Aviani
997 3536 1191 3602 fabulatoris
1216 3539 1323 3600 aetate

191 3642 322 3722 sentiat,
343 3645 476 3728 exponit
489 3646 736 3727 Wernsdorfius,
756 3669 828 3712 cum
843 3647 1003 3713 Macrobii
1014 3648 1196 3724 Theodosii,
1214 3647 1324 3711 Satur-

191 3752 354 3818 naliorum
376 3756 560 3840 scriptoris,
589 3759 791 3842 temporibus
815 3780 887 3823 eum
910 3759 1110 3844 ascribat3‘2)
1141 3780 1216 3823 nam
1239 3757 1324 3841 quod

261 3909 285 3974 1)
304 3910 406 3963 Auson.
427 3909 505 3976 epist.
526 3912 634 3966 161111.
653 3918 681 3966 11
698 3928 738 3966 vv.
758 3915 792 3966 79
810 3929 870 3981 sqq.

260 3995 287 4062 2)
305 3994 428 4049 Eandem
447 3995 500 4050 iam
518 4003 582 4052 ante
600 3997 818 4053 Wernsdorfium
845 3999 1008 4055 1111111111
1026 4000 1199 4069 protulerant
1217 4005 1245 4053 et
1261 3997 1325 4052 Joh.

190 4079 305 4135 Vossius
324 4081 369 4148 (de
394 4081 458 4136 hist.
478 4088 551 4151 poet.
575 4083 621 4138 lat.
640 4083 668 4136 ΙΙ
686 4099 710 4138 c.
729 4086 746 4137 9
764 4101 792 4153 p.
812 4087 862 4138 203
881 4085 922 4140 ed.
941 4087 1067 4155 Lugdun.
1086 4101 1110 4140 1.
1132 4087 1208 4154 1651)
1230 4090 1258 4140 11
1275 4084 1324 4161 Pe-

190 4175 249 4221 trus
268 4167 399 4222 Pithoeus
417 4168 533 4236 (emend.
559 4169 594 4224 ad
611 4184 698 4237 poem.
716 4178 769 4224 vet.
789 4189 816 4240 p.
835 4174 886 4226 597
905 4172 947 4226 ed.
968 4173 1070 4227 Gener.
1091 4188 1115 4226 a.
1137 4171 1322 4238 119611111-

191 4254 277 4308 cobus
297 4253 455 4308 Sirmcndus
480 4254 526 4321 (ed
544 4255 635 4310 Sidon.
654 4256 774 4324 Apollin.
794 4273 821 4325 p.
840 4259 881 4324 4);
904 4257 1032 4326 idemque
1058 4259 1150 4327 ipsum
1168 4272 1256 4324 neque
1275 4257 1323 4310 ho·

139 4387 142 4396 ,
189 4355 248 4394 rum
278 4345 401 4395 secutum
433 4341 623 4397 auctoritatem
653 4343 790 4398 invenisse
819 4359 848 4398 se
881 4348 1004 4399 11111111
1028 4343 1130 4400 Ρ11111
1155 4342 1323 4399 Columesius
