3362 5104
671 457 888 521 -59.„

202 633 367 699 invenisse
392 628 543 694 affirmat.
589 625 756 706 Quomodo
774 629 883 690 autem
904 624 987 689 haec
1009 622 1209 688 constructio
1232 621 1345 687 admo·

203 747 286 811 dum
307 743 391 808 mira
408 738 603 825 explicanda
624 738 675 819 sit,
698 738 784 803 idem
800 737 986 821 Draegerus
1008 735 1144 815 addidit,
1168 757 1241 802 cum
1264 735 1346 802 talia

204 862 338 923 exstare
367 853 507 919 diceret:
545 850 713 936 ‘prohibeo
742 849 794 916 vel
824 847 977 928 cohibeo,
1014 847 1078 930 ut',
1106 868 1206 931 quam
1236 853 1345 914 tamen

204 972 408 1036 structuram
436 963 637 1030 rarissimam
667 982 738 1028 esse
765 961 842 1027 inde
872 964 1026 1046 apparet,
1064 959 1152 1043 quod
1179 980 1244 1025 non
1270 959 1345 1044 plus

199 1081 273 1152 ,tria
293 1077 391 1143 huius
405 1076 533 1160 generis
550 1073 699 1158 exempla
720 1073 853 1154 invenit,
874 1093 1013 1156 quorum
1035 1093 1135 1137 unum
1151 1070 1239 1155 apud
1255 1071 1345 1137 Oica·

204 1211 335 1271 renem,
365 1188 471 1255 altera
500 1187 565 1253 duo
595 1185 683 1271 apud
703 1185 845 1251 ineuntis
873 1184 996 1251 saeculi
1026 1184 1137 1268 quarti
1157 1183 1344 1267 scriptores,

204 1302 425 1387 Capitolinum
447 1304 481 1365 et
499 1298 706 1379 Trebellium,
729 1302 867 1363 exstant.
1226 1281 1230 1290 ’

310 1413 403 1479 Haec
426 1416 502 1478 sunt
522 1411 680 1477 sermonis
699 1409 843 1494 propria,
865 1409 985 1493 quibus
1000 1407 1080 1475 satis
1102 1408 1345 1475 demonstratur

205 1526 323 1594 seriori
346 1543 426 1590 aevo
442 1523 602 1590 Asianum
621 1521 853 1605 assignandum
866 1542 937 1587 esse
959 1541 1064 1605 neque
1079 1521 1169 1588 ultra
1191 1525 1344 1605 quartum

206 1637 375 1704 saeculum
397 1636 467 1702 eius
489 1639 632 1700 aetatem
652 1633 746 1700 evehi
766 1653 871 1718 posse.
1273 1717 1281 1730 ⁶

294 1750 347 1814 Ita
376 1746 532 1832 quoniam
562 1751 596 1812 et
631 1746 680 1811 rei
708 1746 866 1811 metricae
896 1750 930 1811 et
960 1745 1117 1810 sermonis
1145 1749 1214 1810 tam
1242 1745 1346 1812 multa

204 1865 326 1946 quarto
356 1859 535 1943 quintoque
564 1858 695 1924 saeculo
724 1856 859 1942 propria
886 1859 920 1922 iu
944 1857 1060 1922 Aviani
1089 1857 1211 1923 fabulis
1237 1857 1345 1923 inesse

204 1973 386 2052 docuimus,
402 1975 439 2036 ut
453 1970 614 2055 superiori
632 1990 730 2054 qnam
741 1975 859 2054 quarto
874 1969 1005 2036 saeculo
1019 1968 1239 2036 fabulatorem
1253 1970 1345 2036 illum

203 2084 389 2150 attribuere
395 2081 638 2167 prohibeamur,
654 2103 733 2148 unm
740 2080 934 2147 certioribus
951 2080 1259 2165 angustioribusque
1273 2082 1343 2147 fini·

201 2198 268 2263 bus
290 2195 359 2261 cius
383 2198 525 2261 aetatem
546 2193 812 2260 circumscribere
826 2193 997 2277 possimus,
1018 2192 1194 2259 rideamus.
1239 2195 1343 2274 Quam

204 2309 251 2374 ad
272 2329 342 2372 rem
364 2306 413 2372 uti
434 2305 513 2372 licet
531 2304 713 2371 Theodosio
734 2305 800 2386 illo,
822 2304 982 2389 adquam
1003 2304 1133 2371 fabulas
1155 2325 1232 2372 suas
1249 2305 1344 2371 Aria-

203 2441 269 2485 nus
292 2418 399 2500 misit3
421 2417 478 2500 qui
497 2418 570 2501 quis
591 2416 762 2484 habendus
783 2418 842 2497 sit,
865 2418 892 2483 si
911 2417 1137 2497 invenerimus,
1161 2437 1226 2502 quo
1246 2416 1347 2484 luerit

202 2537 353 2614 tempore
385 2529 545 2610 luanus,
573 2527 672 2595 facile
695 2528 881 2596 efficiemus.
926 2530 1033 2613 Atque
1063 2527 1344 2596 considerantibus

202 2641 317 2723 nobis,
339 2661 425 2724 quae
447 2640 489 2706 de
511 2641 581 2706 viro
600 2640 657 2706 illo
677 2642 820 2709 Asianus
841 2643 912 2727 ipse
933 2641 1192 2726 praedicaverit,
1215 2663 1288 2708 eum
1310 2644 1345 2707 in

202 2759 348 2837 utroque
377 2753 562 2818 litterarum
592 2773 710 2836 genere
741 2753 775 2838 (i.
803 2775 829 2819 e.
859 2757 893 2820 et
919 2755 953 2820 in
975 2753 1121 2820 oratione
1144 2754 1289 2838 pedestri
1311 2760 1346 2820 et

201 2869 239 2932 in
266 2864 372 2951 poesi)
405 2864 532 2930 Atticos
561 2864 689 2930 Graeca
725 2864 907 2931 eruditione
940 2885 1096 2950 superare
1128 2871 1162 2930 et
1190 2866 1309 2931 Latina
1319 2868 1343 2950 1)

201 2980 384 3056 Romanos,
407 2996 472 3041 non
492 2974 603 3060 placet
625 2996 737 3042 eorum
760 2978 954 3044 sententiam
977 2977 1086 3062 sequi,
1117 2977 1174 3062 qui
1196 2979 1344 3046 Theodo-

203 3090 290 3156 sium
311 3090 542 3173 imperatorem
561 3088 654 3153 illum
684 3088 784 3156 fuisse
811 3095 1007 3155 censuerunt
1015 3091 1060 3174 ²),
1091 3089 1150 3156 sed
1179 3092 1289 3175 potius
1310 3093 1344 3159 in

204 3222 320 3268 eorum
342 3204 454 3285 partes
476 3200 617 3265 transire
639 3201 808 3282 malumus,
831 3202 887 3286 qui
911 3201 951 3267 de
973 3201 1141 3269 Macrobio
1161 3202 1344 3270 Theodosio

203 3312 467 3378 Saturnaliorum
498 3316 632 3377 auctore
661 3313 901 3396 cogitauenmt,
934 3314 968 3377 iu
997 3334 1093 3396 quem
1121 3315 1203 3381 illud
1229 3316 1344 3381 Auiani

202 3423 362 3489 iudicium
390 3423 510 3507 optime
540 3424 697 3489 convenit.
742 3425 831 3504 Quae
861 3425 1023 3490 sententia
1051 3426 1078 3490 si
1103 3431 1196 3492 recta
1218 3432 1269 3493 est
1290 3429 1345 3512 (ac

202 3535 354 3621 profecto
376 3534 551 3599 maximam
575 3556 615 3600 ea
637 3535 739 3602 habet
758 3536 1036 3602 versimilitudinis
1060 3539 1231 3622 speciem),
1254 3538 1343 3605 haud

203 3647 274 3713 scio
305 3667 347 3711 an
376 3646 463 3711 inter
493 3621 609 3712 Ariani
639 3647 747 3713 locum
778 3647 881 3713 hunc:
916 3649 1019 3733 prael.
1050 3649 1139 3714 init:
1168 3650 1342 3716 ‘dubitanti

203 3758 295 3837 mihi,
317 3757 479 3824 Theodosi
500 3759 638 3843 optime,
661 3759 814 3842 quoinam
836 3759 1021 3826 litterarum
1040 3761 1136 3827 titulo
1159 3763 1264 3828 nostri
1286 3784 1342 3828 no·

276 3988 434 4058 unauna:
451 3995 522 4046 teste
540 3989 703 4046 Schenkelio
722 3993 749 4062 (l.
768 4009 791 4046 c.
809 4009 836 4061 p.
857 3993 909 4046 399
926 3992 1006 4062 med.)
1028 3992 1089 4048 cod.
1106 3993 1342 4061 vindobonensis3

203 4082 268 4132 cett
287 4076 377 4132 codd:
395 4075 555 4145 Latinitate,
574 4091 645 4146 quae
663 4077 744 4133 lectio
762 4079 850 4134 miuus
867 4079 895 4134 iu
914 4080 1076 4135 sententiam
1095 4079 1220 4146 quadrat.

274 4164 301 4231 2)
319 4161 408 4216 Liliua
424 4162 560 4232 Gyraldus
578 4169 605 4218 et
624 4165 669 4231 qui
688 4179 750 4218 aum
768 4172 937 4234 sequuntur;
954 4165 997 4220 cui
1016 4165 1168 4220 sententiae
1183 4166 1213 4220 id
1232 4181 1341 4236 quoque

202 4249 306 4318 obstat,
326 4247 400 4316 quod
418 4248 567 4304 ‘Theodosi
580 4249 692 4318 optime’
710 4251 796 4305 virum
812 4251 888 4305 illum
906 4256 991 4326 poeta
1002 4252 1136 4312 allocutus
1151 4257 1200 4325 est,
1219 4251 1249 4306 id
1267 4251 1341 4327 quod

200 4333 365 4405 imperatori
384 4333 475 4390 dicere
493 4335 581 4390 minus
599 4335 727 4391 decuerit.
