3362 5104
838 406 1045 472 -16--

373 580 520 644 versibus
543 579 699 662 proximis
729 584 895 644 narratum
924 579 1023 645 luisse
1054 581 1093 645 de
1116 583 1242 646 ratione
1273 604 1337 665 qua
1364 586 1450 650 inter
1473 609 1508 652 se

374 692 458 757 ollae
481 690 635 756 collidere
655 692 830 774 potuerint.

460 803 528 868 Nec
549 804 655 868 minus
678 803 895 868 necessarium
911 808 960 868 est
974 803 1036 868 hoc
1050 803 1221 883 distichon,
1245 807 1332 888 quod
1348 829 1414 872 una
1434 830 1507 874 cum

374 915 587 981 antecedente
610 915 837 979 Lachmannus
860 914 988 993 delerit,
1008 914 1159 979 nimirum
1181 917 1270 982 nisus
1292 939 1331 982 ea
1353 940 1397 998 re,
1420 922 1509 1002 quod

371 1028 405 1091 in
427 1027 541 1092 Babrii
571 1026 685 1091 fabula
708 1026 846 1091 XXXIV
875 1047 940 1091 non
967 1031 1035 1091 tam
1061 1027 1169 1110 ampla
1198 1027 1373 1114 descriptio
1401 1038 1509 1096 exstet

372 1160 469 1222 quam
491 1140 525 1203 in
548 1139 663 1203 Aviani
686 1137 807 1217 fabula,
830 1139 864 1202 in
886 1159 951 1220 qua
972 1139 1124 1222 leguntur
1146 1138 1243 1204 haec:

477 1257 516 1316 18
531 1271 618 1333 sqq.:
641 1251 718 1316 dum
731 1255 836 1316 metus
848 1251 992 1316 oblatam
1011 1251 1164 1334 prohibet
1175 1257 1335 1336 temptare
1347 1256 1507 1338 rapinam,

476 1368 510 1427 st
532 1363 718 1427 coniuratos
739 1361 853 1427 horret
875 1362 965 1428 adire
987 1363 1095 1442 hoves,

476 1479 509 1539 et
531 1475 678 1557 quamvis
699 1473 807 1538 audax
830 1473 972 1557 fatisque
994 1475 1164 1539 immanior
1188 1481 1282 1554 esset,

473 1591 640 1651 tantorum
663 1585 750 1652 solus
773 1586 896 1652 viribus
918 1587 1024 1670 impar
1046 1592 1125 1651 erat.

370 1699 434 1763 Sed
456 1699 484 1762 si
506 1700 540 1762 in
561 1699 747 1763 universum
771 1699 886 1762 Aviani
913 1698 1099 1763 fabularum
1129 1699 1373 1782 amplitudinem
1406 1708 1507 1786 atque

368 1810 603 1875 abundantiam
626 1831 698 1874 cum
721 1808 907 1874 fabularum
918 1810 1158 1875 Babrianarum
1183 1811 1396 1894 amplitudine
1419 1834 1506 1879 com-

368 1920 575 2006 parabimus,
605 1921 700 1986 facile
730 1920 927 2000 videbimus,
959 1943 1031 1986 cum
1053 1921 1194 1986 Babrius
1224 1922 1433 1989 brevissimus
1466 1947 1506 1990 ac

368 2054 470 2117 prope
502 2033 594 2098 exilis
628 2034 671 2098 sit
701 2035 735 2097 in
761 2034 900 2098 materia
930 2033 1129 2114 enarranda,
1159 2035 1301 2098 maxima
1332 2036 1506 2102 verborum

371 2146 467 2229 copia
490 2151 589 2228 atque
603 2145 832 2229 descriptionis
855 2144 1056 2209 abundantia
1077 2145 1126 2209 uti
1139 2145 1297 2210 Avianum
1311 2148 1344 2232 ¹),
1367 2153 1404 2212 ut
1426 2149 1509 2213 nihil

368 2258 410 2322 sit
426 2256 608 2322 mirandum
621 2278 681 2322 nec
698 2257 732 2320 in
750 2277 787 2320 eo
807 2255 1015 2335 haerendum,
1040 2257 1066 2321 si
1083 2257 1227 2340 singulas
1244 2279 1296 2322 res
1309 2259 1395 2342 apud
1411 2259 1504 2324 illum
1545 2269 1549 2277 '

368 2370 422 2434 vix
444 2374 594 2448 attactos,
617 2369 704 2452 apud
726 2369 813 2433 hunc
834 2368 1000 2433 uberrime
1024 2374 1193 2433 enarratas
1215 2370 1403 2435 invenimus.
1447 2373 1506 2434 At—

368 2501 430 2563 que
453 2481 539 2545 hunc
559 2481 601 2545 ad
622 2481 730 2546 locum
752 2485 790 2545 ut
811 2481 926 2545 redeat
948 2481 1067 2558 oratio,
1089 2480 1168 2562 quid
1189 2480 1290 2545 habet
1311 2482 1393 2560 miri,
1416 2483 1507 2564 quod

369 2613 441 2657 eam
464 2613 543 2669 rem,
569 2593 603 2656 in
616 2613 682 2675 qua
695 2613 820 2657 summa
843 2597 893 2657 est
912 2593 1013 2656 totius
1035 2590 1175 2670 fabulae,
1202 2593 1407 2658 concordiam
1429 2593 1505 2658 dico

367 2705 501 2786 eiusque
533 2708 697 2782 eventum,
728 2705 913 2769 accuratius
944 2702 1100 2768 describit
1132 2702 1329 2786 uberiusque
1359 2704 1505 2769 illustrat

365 2816 487 2898 poeta?
541 2815 648 2894 Quid?
686 2815 878 2881 concordiae
915 2820 1032 2880 eventu
1071 2813 1210 2897 amplius
1247 2814 1376 2899 depicto
1414 2817 1503 2899 quod

366 2947 406 2991 ex
426 2926 539 2992 fabula
561 2927 619 2991 illa
642 2926 871 2993 documentum
895 2927 968 3010 capi
988 2926 1092 3009 possit
1118 2947 1223 2991 nonne
1247 2927 1347 2992 multo
1371 2927 1502 2992 eviden—

365 3038 430 3103 tius
454 3043 530 3103 ante
555 3040 665 3104 oculos
686 3039 819 3121 ponitur
841 3043 940 3122 atque
963 3038 1056 3121 quasi
1080 3037 1194 3102 animis
1218 3039 1423 3104 inculcatur?

452 3152 558 3232 Atque
582 3150 715 3215 tertium
738 3149 881 3216 eiusdem
909 3151 957 3214 rei
980 3149 1161 3233 exemplum
1185 3155 1293 3214 exstat
1313 3151 1346 3213 in
1368 3148 1502 3222 fabulae

365 3261 475 3326 XXIII
497 3281 592 3326 versu
615 3261 698 3341 VIII,
722 3262 778 3344 qui
799 3262 899 3326 sicin
922 3260 1088 3326 codicibus
1111 3262 1312 3344 perscriptus
1335 3267 1401 3326 est:

468 3393 541 3437 oum
564 3373 694 3457 apesin
717 3374 858 3456 pretium
881 3393 1017 3438 munera
1039 3372 1152 3456 dispar
1173 3372 1250 3454 agit.

365 3485 485 3550 Verum
507 3489 595 3550 totus
614 3484 669 3549 ille
690 3484 781 3550 locus
802 3487 942 3551 maxime
958 3484 1156 3569 depravatus
1172 3488 1230 3563 est,
1253 3489 1290 3549 ut
1302 3505 1414 3549 sanam
1428 3506 1500 3549 sen-

364 3597 501 3662 tentiam
524 3617 564 3661 ex
586 3617 624 3662 eo
649 3596 767 3663 elicere
788 3597 841 3662 vix
864 3597 1041 3680 possimus3
1070 3600 1242 3679 praeterea
1263 3596 1297 3660 id
1320 3601 1409 3660 recte
1431 3618 1500 3661 mo-

367 3710 438 3773 nuit
460 3707 671 3774 Schenkelius
701 3708 821 3792 (annal.
851 3729 955 3793 gymn.
979 3710 1086 3773 Austr.
1117 3729 1145 3772 a.
1171 3713 1252 3774 1865
1275 3730 1305 3791 p.
1329 3709 1406 3792 407)
1423 3713 1501 3772 ante

365 3841 495 3885 versum
516 3820 612 3886 huius
641 3819 773 3885 fabulae
803 3820 975 3903 septimum
998 3841 1095 3884 unum
1129 3819 1181 3884 vel
1203 3819 1267 3884 duo
1290 3818 1428 3884 disticha
1450 3821 1500 3883 in—

363 3930 551 4010 tercidisse,
583 3931 617 3995 id
641 3932 728 4014 quod
750 3930 882 3996 fabulae
905 3929 1089 3995 Babrianae
1107 3931 1219 4015 (Bahr.
1240 3932 1265 4012 I,
1290 3931 1344 4014 30)
1369 3952 1500 4015 compa-

433 4121 458 4185 1)
476 4118 510 4174 cl.
529 4119 625 4174 Arian.
643 4120 660 4172 3
678 4134 700 4174 c.
718 4121 799 4174 Bahr.
821 4120 885 4186 1093
903 4119 952 4172 hv.
972 4122 988 4172 7
1010 4119 1069 4175 init.
1089 4107 1112 4173 c.
1133 4119 1217 4176 Bahr.
1235 4123 1300 4186 1043
1318 4121 1368 4174 Ar.
1390 4124 1421 4173 14
1439 4121 1499 4173 init..

365 4219 387 4257 c.
406 4205 489 4259 Bahr.
508 4205 558 4272 563
586 4207 636 4260 Ar.
663 4207 695 4260 15
712 4205 772 4260 init.
793 4221 815 4259 c.
833 4206 915 4260 Bahr.
934 4206 984 4271 653
1007 4207 1057 4260 Ar.
1077 4206 1109 4258 18
1136 4221 1159 4261 c.
1178 4205 1260 4260 Bahr.
1279 4208 1326 4271 443
1353 4208 1402 4259 Ar.
1421 4208 1454 4258 34
1473 4221 1500 4259 c.

364 4289 446 4344 Bahr.
468 4292 533 4359 1263
553 4293 602 4347 hv.
622 4291 655 4345 35
675 4307 697 4347 c.
717 4291 801 4348 Bahr.
818 4293 867 4358 853
886 4294 936 4346 Ar.
957 4293 991 4345 37
1009 4306 1033 4345 c.
1051 4290 1134 4347 Bahr.
1154 4294 1212 4349 100.
