3362 5104
658 464 874 539 -17'-

201 651 328 714 ratione
352 647 510 713 evincitur
523 652 622 729 atque
645 646 863 711 confirmatur.
909 647 1003 712 Uerta
1019 646 1121 712 deleri
1139 647 1219 711 nihil
1236 647 1334 713 debet

198 801 239 808 -
261 783 337 826 num
361 760 478 824 statuis
502 779 556 822 eos
576 759 632 840 qui
655 758 791 823 aliorum
808 757 911 822 libros
930 759 997 822 suis
1018 759 1163 840 ipsorum
1185 760 1333 824 versibus

197 874 418 956 inquinavere,
442 870 605 934 addidisse
629 891 683 948 ea,
706 890 790 953 quae
813 891 853 933 ne
875 870 938 952 ipsi
962 867 1091 951 quidem
1113 870 1334 936 intellexerint

198 1006 258 1050 neo
281 985 453 1066 quisquam
475 982 663 1065 intellegere
686 982 814 1064 possit?
843 981 964 1046 -sed
987 982 1095 1065 potius
1118 965 1333 1046 laborandbm

198 1101 266 1176 est,
288 1101 326 1161 ut
347 1095 475 1178 ingenio
499 1114 538 1158 ac
561 1093 668 1158 studio
690 1093 890 1172 inveniatur,
923 1093 1117 1174 quibusnam
1141 1094 1333 1177 corruptelis

198 1208 233 1272 hi
255 1227 367 1272 versus
391 1206 562 1289 depravati
584 1210 617 1269 et
640 1225 705 1287 qua
727 1204 854 1270 medela
877 1204 1013 1269 sanandi
1036 1205 1109 1270 sint.

286 1320 355 1383 Iam
379 1316 524 1383 ciusdem
546 1316 610 1381 loci
631 1317 666 1380 in
697 1337 791 1382 versu
814 1315 843 1380 X
866 1316 971 1381 altera
992 1317 1077 1382 inest
1098 1315 1243 1401 syllabae
1265 1319 1334 1382 lou-

202 1452 263 1514 gae
284 1430 391 1494 finalis
418 1429 590 1512 correpti0,
612 1449 677 1511 qua
701 1428 798 1492 ‘velis'
822 1428 909 1493 vocis
932 1427 1047 1493 ultima
1066 1428 1249 1494 breviatur:

304 1543 370 1607 sive
392 1541 490 1606 decus
514 1540 602 1605 busti
623 1561 679 1604 seu
701 1540 781 1605 velis
804 1561 873 1605 esse
897 1540 1001 1620 deum,

200 1675 299 1737 quam
317 1653 483 1718 licentiam
504 1658 542 1717 ut
563 1657 745 1716 removeret
766 1652 993 1716 Lachmannus
1015 1653 1063 1716 ita
1086 1673 1214 1718 versum
1235 1655 1334 1718 corri-

200 1765 339 1849 gendum
362 1765 503 1831 censuit:

273 1894 276 1899 ·
304 1878 369 1942 sive
393 1877 492 1943 decus
513 1875 603 1941 busti
629 1898 686 1941 ssu
708 1875 788 1941 deus
811 1897 881 1941 esse
904 1876 992 1956 volis,

200 1988 406 2054 Froehnerus
428 1989 514 2054 hanc
535 1988 716 2053 lectionem¹
730 1989 917 2053 coniectura
939 1989 1103 2052 inventam
1124 1990 1264 2072 recepit:

304 2102 369 2165 sive
395 2101 494 2165 decus
515 2099 604 2165 busti
624 2099 691 2164 sive
713 2099 839 2164 locasse
861 2100 966 2166 deum.

201 2212 266 2277 Sed
275 2211 337 2277 bae
355 2212 597 2277 emendationes
611 2213 739 2276 omnino
757 2232 1018 2295 supervacaneae
1035 2218 1127 2294 sunt;
1144 2233 1219 2276 nam
1232 2213 1265 2275 in
1274 2211 1336 2276 boc

200 2345 296 2389 versu
326 2323 449 2389 nullum
483 2345 564 2391 esse,
583 2323 696 2388 vitium
727 2323 857 2388 fabulae
880 2322 1064 2388 Babriaoae
1081 2323 1173 2388 XXX
1194 2325 1336 2388 verqu

199 2436 440 2520 comprobatur.
485 2436 532 2500 Eo
556 2440 663 2500 autem
686 2437 789 2518 magis
812 2436 898 2500 hunc
919 2430 1026 2499 locum
1047 2436 1210 2518 integrum
1231 2440 1268 2499 ut
1285 2457 1335 2499 re-

199 2546 383 2629 linquamus
407 2547 511 2612 altero
534 2546 685 2613 eiusdem·
700 2549 748 2611 rei
772 2549 917 2631 cogimur
941 2547 1104 2630 exemplo:

303 2657 325 2722 f.
350 2663 379 2737 3,
403 2664 436 2724 6;
461 2681 573 2724 rursus
594 2660 628 2722 in
651 2658 801 2742 obliquos
823 2681 887 2724 neu
904 2659 983 2724 volis
1005 2661 1053 2724 ire
1075 2659 1190 2742 pedes,

203 2791 298 2853 quem
321 2790 449 2834 versum
473 2771 645 2835 Withofius
668 2773 854 2836 coniectura
876 2772 1015 2836 tentavit
1036 2771 1115 2836 hac:

303 2903 417 2947 rursus
439 2883 473 2946 in
494 2883 643 2965 obliquos
666 2904 706 2946 ne
728 2883 817 2947 iuvet
838 2883 886 2946 ire
908 2882 1016 2966 pedes,

201 2993 407 3059 Froehnerus
427 2994 474 3058 ita
497 2995 647 3074 correxit
669 3000 706 3059 ut
728 2994 902 3059 scriberet:

304 3126 418 3169 rursus
439 3106 473 3169 in
497 3105 646 3188 obliquos
668 3127 748 3170 neve
771 3111 863 3170 tuere
886 3105 994 3188 pedes,

201 3216 428 3281 Lachmannus
457 3238 533 3282 vero
563 3222 803 3300 pentametrum
831 3239 897 3282 una
927 3239 1000 3282 cum
1028 3219 1212 3300 insequenti
1237 3218 1336 3282 hexa-

199 3333 305 3393 metro
329 3329 432 3392 eiecit.
478 3328 542 3393 Sed
562 3329 649 3393 idem
678 3329 747 3394 fere
771 3330 857 3412 quod
882 3331 948 3394 iam
971 3331 1138 3413 superiore
1160 3329 1231 3394 loco
1256 3330 1336 3394 dixi-

201 3461 283 3520 mus,
307 3440 347 3504 de
368 3440 436 3504 eius
456 3439 544 3504 modi
556 3461 707 3506 versuum
729 3440 941 3506 eiectionibus
963 3441 1170 3507 statuendum
1194 3447 1259 3522 est,
1283 3463 1339 3522 nef

204 3572 267 3635 que
289 3551 352 3615 hoc
375 3551 446 3616 loco
470 3552 642 3635 quisquam
666 3551 802 3618 audebit
823 3574 935 3618 versus
956 3553 1029 3616 illos
1054 3553 1232 3636 expellere,
1265 3573 1337 3617 cum

201 3667 235 3726 et
258 3663 372 3746 optimi
395 3663 460 3727 sint
482 3669 515 3727 st
538 3684 610 3728 cum
642 3663 908 3730 antecedentibus
940 3669 972 3729 et
999 3685 1071 3729 cum
1093 3665 1338 3747 insequentibus

202 3775 384 3840 arctissime
408 3774 612 3839 cohaereant.
658 3775 728 3840 Hoc
749 3776 890 3841 libenter
902 3776 1108 3842 concedimus
1131 3797 1202 3840 eam
1225 3797 1336 3841 versus

199 3887 340 3951 formam
365 3887 504 3968 quaein
536 3886 701 3952 codicibus
734 3894 870 3952 exarata
900 3893 950 3952 est
980 3889 1123 3971 intellegi
1150 3889 1203 3952 vix
1225 3908 1337 3971 posse,

200 3999 257 4081 qui
287 3998 372 4063 enim
403 3998 576 4080 quisquam
605 3998 713 4062 dicere
735 4004 860 4083 potest:
891 4001 933 4063 ‘in
961 3999 1109 4082 obliquos
1132 3999 1231 4083 pedes
1256 4000 1336 4064 irel’

201 4109 294 4188 Quod
338 4130 410 4174 curn
439 4109 573 4174 vidisset
610 4109 821 4176 Schenkelius
856 4113 904 4176 ita
935 4112 1172 4177 restituendum
1209 4133 1338 4176 versum

201 4221 342 4286 censuit:

305 4353 418 4397 rursus
441 4334 474 4397 in
499 4333 663 4416 obliquom
686 4356 749 4400 neu
774 4335 851 4400 velis
873 4336 921 4399 ire
944 4335 1036 4418 pede,

1115 4442 1130 4491 2
