3362 5104
698 449 914 510 ..53-

238 620 433 703 scriptorum
463 619 682 682 Romanorum
711 637 776 681 non
804 616 981 695 iuvenitur,
1008 616 1069 679 uisi
1100 599 1187 699 quod
1214 616 1248 679 iu
1268 615 1374 680 Ovidii

238 730 436 797 carminibus
464 734 595 795 exstant
626 729 723 794 talia:
756 728 950 794 contrahere
980 727 1105 793 vultum
1132 729 1195 812 (ep.
1219 748 1260 792 ex
1281 728 1373 792 Pont.

237 844 290 924 IV,
314 849 342 923 3,
364 844 413 926 7);
435 842 567 908 trahere
590 841 714 906 vultum
736 842 851 924 (amor.
874 841 914 920 11,
941 845 970 921 2,
991 842 1055 924 33).

322 955 390 1019 Iam
400 954 534 1020 adalias
543 974 605 1033 res,
618 953 753 1036 quaead
764 953 1097 1037 syntaxinpertineut,
1113 952 1373 1036 transiturispri-

236 1088 324 1130 mum
342 1065 436 1130 uobis
457 1064 659 1130 afferendum
675 1069 725 1129 est
743 1085 869 1129 summa
886 1085 959 1129 cum
973 1064 1107 1129 licentia
1123 1064 1375 1147 comparationis

237 1177 358 1260 gradus
373 1198 455 1261 quos
477 1177 590 1242 dicunt
606 1176 820 1260 grammatici,
841 1176 926 1240 inter
943 1197 976 1240 11
989 1180 1194 1259 permutasse
1206 1175 1374 1254 Avianum,

238 1290 329 1354 cuius
339 1289 475 1353 rationis
485 1289 846 1372 exemplisquamquam
854 1287 961 1371 prima
970 1288 1035 1352 iam
1046 1292 1184 1352 exeunte
1192 1287 1295 1352 altero
1305 1308 1375 1352 sae·

237 1401 310 1466 culo
334 1400 462 1466 obviarn
484 1399 575 1481 fiunt,
599 1400 702 1465 serior
723 1405 835 1464 tamen
857 1397 1051 1465 fabulatoris
1067 1399 1156 1464 illius
1178 1404 1270 1463 aetas
1290 1398 1374 1463 indi-

237 1518 339 1577 catur.
385 1514 432 1576 Ac
459 1512 593 1576 maximi
621 1511 656 1575 in
686 1510 749 1574 hoc
777 1531 896 1594 genere
925 1511 1081 1576 momenti
1112 1515 1178 1591 est,
1208 1510 1296 1593 quod
1323 1510 1374 1576 bis

236 1624 308 1689 loco
338 1622 529 1707 superlativi
560 1623 818 1707 comparativum
848 1622 991 1688 Avienus
1018 1622 1203 1707 usurpavit,
1234 1644 1310 1686 nam
1340 1623 1374 1686 in

238 1736 307 1800 eius
329 1735 449 1800 fabulis
471 1735 596 1819 scripta
615 1735 753 1818 legimus
774 1734 871 1799 haec:

340 1846 360 1910 l.
382 1853 411 1927 4,
437 1852 527 1930 5sq.:
551 1847 701 1912 convenit
715 1846 800 1912 hanc
814 1846 923 1930 potius
936 1848 960 1930 ¹)
981 1845 1034 1910 liti
1044 1846 1226 1930 praefigere
1240 1866 1373 1911 causam

546 1956 647 2041 pallia
667 1958 791 2022 nudato
814 1957 1009 2023 decutienda
1031 1958 1109 2023 viro.

340 2069 361 2133 f.
387 2074 436 2148 14,
461 2075 475 2134 l
492 2090 556 2152 sq:
579 2069 727 2153 Iuppiter
745 2070 779 2134 in
797 2074 868 2134 toto
884 2069 1048 2153 qnondam
1061 2070 1268 2154 quaesiverat
1286 2070 1374 2149 orbe,

545 2193 680 2245 munera
700 2185 852 2246 natorum
875 2181 931 2264 qni
952 2182 1089 2247 meliora
1110 2181 1212 2246 daret.

235 2295 286 2358 De
303 2315 369 2377 qua
385 2292 597 2376 comparativi
613 2297 646 2358 et
659 2292 849 2376 superlativi
861 2292 949 2377 apud
964 2293 1095 2358 serioris
1110 2293 1181 2358 aevi
1198 2293 1374 2377 scriptores

234 2405 476 2489 permutatione
491 2404 734 2469 accuratissime
752 2403 819 2487 egit
834 2403 1049 2470 Woelfflinius
1070 2405 1103 2469 in
1125 2403 1296 2488 praeclaro
1317 2403 1374 2469 illc

234 2516 330 2597 libro,
348 2516 404 2600 qui
411 2514 616 2580 inscribitur:
634 2516 735 2595 „iiber
742 2514 794 2580 die
803 2514 994 2581 lateinische
1003 2516 1069 2582 und
1077 2516 1280 2581 romanische
1288 2536 1374 2580 com·

236 2629 408 2713 paration“
438 2650 469 2711 p.
502 2633 542 2692 68
553 2648 622 2710 sqq.
672 2627 705 2691 Is
735 2627 852 2710 igitur,
885 2648 958 2692 cum
985 2628 1052 2692 iam
1082 2627 1171 2712 apud
1197 2628 1375 2711 superioris

236 2740 356 2805 aetatis
381 2740 567 2823 scriptores,
589 2743 627 2803 ut
650 2738 737 2822 apud
760 2743 928 2803 auctorem
950 2739 1028 2805 belli
1050 2739 1202 2805 Africani
1217 2740 1298 2804 talia
1320 2761 1375 2804 ex·

206 2875 210 2884 ·
236 2857 326 2916 stare
349 2851 454 2916 dicat:
484 2850 678 2916 illustriores
706 2851 932 2933 notissimique
961 2850 1049 2936 (bell.
1073 2852 1171 2916 Afric.
1196 2857 1253 2931 56,
1286 2854 1319 2935 3)
1342 2856 1375 2915 11

238 2964 328 3048 apud
339 2964 496 3029 Plinium:
519 2963 661 3028 omniurn
676 2963 915 3046 triumphorum
931 2963 1049 3047 adepte
1061 2964 1208 3029 lauream
1218 2965 1375 3028 maiorem

237 3075 326 3172 (hist.
349 3082 416 3140 nat.
440 3081 476 3155 7,
498 3077 552 3159 31)
576 3081 609 3140 et
631 3073 719 3159 apud
742 3075 907 3140 Tacitum:
940 3079 1123 3141 ceterorum
1143 3075 1374 3141 Britannorum

236 3187 437 3270 fugacissimi
449 3187 570 3272 (Agric.
599 3188 663 3271 34),
687 3192 824 3252 exeunte
844 3187 974 3251 saeculo
998 3187 1101 3252 altero
1119 3187 1375 3271 comparativum

236 3298 427 3382 superlativi
450 3299 523 3364 loco
538 3275 732 3383 usurpatum
753 3319 868 3363 revera
888 3299 1026 3364 inveniri
1042 3300 1246 3365 demonstrat
1267 3320 1374 3365 exem-

235 3410 299 3494 plis
322 3410 430 3476 allatis
449 3432 489 3476 ex
505 3410 653 3475 itinerar.
672 3410 846 3475 Alexandr.
870 3417 887 3477 9
903 3412 987 3495 (21):
1012 3412 1158 3495 quisquis
1173 3417 1245 3476 erat
1266 3412 1373 3496 pri0r3

235 3545 277 3586 ex
288 3522 397 3587 Herm.
410 3528 494 3606 past.
507 3522 602 3587 simil.
618 3529 648 3602 8,
663 3529 691 3602 5,
715 3527 752 3587 6:
775 3524 879 3587 maior
893 3544 971 3607 pars
981 3556 1025 3577 =
1037 3521 1075 3592 τὸ
1086 3530 1243 3590 πλεῖστον
1256 3524 1371 3610 μέρος,

235 3655 277 3698 ex
295 3633 413 3699 Minue.
433 3634 530 3700 Felic.
553 3641 582 3714 2,
609 3640 642 3699 1:
664 3635 752 3718 quod
774 3639 824 3700 est
843 3634 1025 3716 amabilius,
1047 3635 1100 3700 all.
1146 3635 1208 3714 Qui
1228 3657 1305 3699 usus
1327 3634 1374 3699 la-

233 3745 333 3810 bente
362 3747 466 3829 magis
492 3747 660 3829 magisque
688 3746 800 3829 lingua
819 3747 938 3811 Latina
966 3752 1000 3811 11
1022 3748 1193 3830 ingruente
1219 3745 1374 3811 barbarie

234 3857 356 3939 viguit,
391 3863 430 3922 111
456 3858 545 3941 apud
574 3857 773 3922 Martianum
800 3856 966 3942 Capellam
996 3858 1185 3941 saepissime
1214 3857 1295 3922 talia
1325 3857 1374 3921 in-

235 3969 419 4033 veniantur.
470 3970 578 4053 Atque
609 3969 708 4035 etiam
737 3971 860 4034 Aviano
894 3970 974 4034 satis
1006 3970 1146 4035 usitatus
1171 3968 1225 4034 hic
1253 3969 1374 4034 abusus

305 4150 391 4221 11111
413 4150 521 4205 codices
539 4165 648 4216 omnes;
672 4149 731 4205 siue
755 4165 839 4204 causa
855 4149 996 4205 Baehrens
1021 4149 1144 4218 reposuit
1162 4149 1277 4217 ‘citius’,
1302 4165 1372 4217 quae

233 4235 395 4304 coniectura
413 4237 452 4293 111
470 4237 570 4304 rebus,
598 4252 668 4304 quas
694 4252 779 4304 supra
798 4235 891 4304 1111111,
919 4237 971 4289 iam
997 4235 1063 4291 satis
1089 4237 1208 4291 refutata
1226 4251 1288 4292 esse
1309 4235 1374 4291 mihi

231 4323 348 4378 videtur.
