3362 5104
684 447 897 508 ..57-

222 621 303 686 nihil
325 619 410 686 enim
433 640 546 683 versus
567 615 711 682 numeris
733 614 889 707 neglectis
911 611 1064 676 omissum
1088 607 1357 686 desideraremus,

220 738 248 802 si
270 736 318 800 ita
347 733 532 816 scripsisset
562 728 743 795 fabulator:
776 728 913 792 ‘sacrior
941 725 1020 804 hoc,
1050 723 1132 787 alios
1162 720 1250 804 quod
1275 720 1356 785 facis

218 846 331 914 melos'
357 844 425 910 rel:
453 848 490 908 tu
519 846 629 908 tamen
656 841 709 906 his
737 840 832 905 dictis
858 859 923 903 non
945 835 1026 902 facis
1047 832 1164 899 fidem?
1208 833 1256 896 Ac
1280 832 1358 896 licet

219 978 428 1025 numerorum
453 952 641 1020 necessitati
679 953 714 1017 in
749 952 812 1018 hac
848 973 884 1016 re
914 947 1039 1032 aliquid
1067 946 1110 1010 sit
1137 943 1356 1026 tribuendum,

219 1070 309 1137 aliud
330 1075 440 1134 minen
468 1067 566 1132 huius
592 1064 842 1129 constructionis
873 1062 1056 1147 exemplum
1079 1056 1271 1124 adnotatum
1293 1080 1358 1123 non

220 1183 328 1248 inveni
353 1181 415 1246 nisi
436 1179 500 1244 hoc
524 1176 646 1243 Sedulii
667 1177 779 1260 (carm.
803 1175 913 1260 pasch.
935 1176 989 1256 IV,
1012 1182 1053 1243 90
1065 1179 1141 1264 sq.):

325 1294 373 1359 sic
395 1291 494 1357 etiam
516 1289 616 1356 variis
637 1288 735 1354 finem
755 1287 969 1372 languoribus
990 1311 1061 1356 esse

322 1405 410 1486 fecit,

219 1540 295 1584 nam
323 1516 359 1583 id
389 1514 477 1599 quod
505 1517 614 1579 exstat
642 1512 730 1597 apud
760 1512 982 1596 Lampridium
1015 1515 1119 1600 (Alex.
1146 1514 1253 1579 Seuer.
1286 1511 1357 1594 10):

220 1636 267 1696 ‘tu
288 1628 395 1694 facies
417 1627 574 1711 optimum
597 1629 668 1690 esse
695 1624 852 1690 iudicium
875 1626 1037 1707 senatus,
1069 1626 1166 1691 aliter
1188 1644 1357 1709 compara-

220 1748 290 1808 tum
311 1745 369 1806 est.

307 1853 376 1918 Iam
414 1850 455 1916 ad
487 1851 585 1914 finem
616 1848 847 1934 disputationis
876 1854 914 1915 ut
946 1851 1126 1930 veniamus,
1164 1850 1246 1915 duae
1283 1869 1358 1913 con-

221 1964 418 2030 structiones
452 1961 638 2026 afferend'ae
677 1966 769 2042 sunt,
807 1982 889 2044 quas
919 1963 1079 2046 superiori
1116 1984 1214 2046 quam
1244 1963 1358 2045 quinto

225 2077 356 2142 saeculo
379 2074 458 2140 dare
481 2094 545 2138 non
562 2093 743 2157 possumus.
788 2073 894 2156 Atque
914 2074 1053 2156 primum
1072 2075 1169 2140 huius
1191 2075 1358 2139 reiexem·

219 2187 311 2272 plum
333 2187 512 2252 invenimus
534 2185 568 2250 in
590 2184 722 2250 fabulae
744 2185 775 2249 II
795 2185 907 2265 initio,
938 2185 995 2251 ubi
1018 2187 1140 2272 scripta
1162 2190 1238 2252 sunt
1258 2186 1357 2251 haec:

324 2298 468 2382 pinnatis
491 2296 606 2362 aribus
630 2296 794 2380 quondam
817 2297 948 2362 testudo
971 2297 1082 2364 locuta
1104 2302 1169 2364 est:

325 2410 427 2493 siquis
452 2429 524 2473 eam
546 2407 710 2473 volucrem
736 2409 966 2490 constituisset,
989 2410 1066 2476 huic

324 2522 473 2606 protinus
496 2542 514 2586 e
535 2520 645 2586 rubris
665 2520 829 2604 proferret
851 2521 992 2587 conchas
1012 2523 1162 2604 herenis3

221 2634 340 2719 quibus
378 2634 412 2698 in
446 2631 595 2698 versibus
631 2632 703 2697 loco
739 2633 917 2698 accusativi
954 2655 1027 2699 cum
1060 2635 1236 2710 infinitivo,
1273 2654 1357 2716 quae

222 2751 388 2834 structura
411 2765 428 2810 e
451 2743 663 2828 promittendi
693 2744 912 2828 loquendique
942 2746 1050 2812 verbis
1073 2751 1152 2831 apta
1173 2766 1244 2810 esse
1266 2745 1358 2824 solet,

221 2857 462 2923 coniunctirum
485 2856 626 2921 Avienus
655 2855 795 2922 admisit.
839 2857 945 2922 Huius
974 2863 1083 2923 autem
1107 2856 1358 2922 constructionis

221 2974 298 3034 ante
313 2968 496 3034 Ennodium
519 2989 539 3033 a
561 2969 720 3061 scriptore
743 2968 807 3034 alio
829 2969 952 3035 nullum
970 2970 1153 3054 exemplum
1174 2968 1358 3034 adhibitum

220 3081 346 3163 inveni3
382 3080 471 3166 apud
512 3080 695 3146 Ennodium
735 3101 812 3146 vero
854 3082 990 3166 legimus
1030 3081 1113 3147 haec
1152 3085 1275 3168 (opusc.
1312 3083 1357 3148 V:

222 3192 397 3258 eucharist.
418 3192 458 3257 de
481 3192 536 3257 vit.
560 3212 620 3257 sua
640 3215 671 3277 p.
696 3198 776 3273 398,
808 3199 908 3277 5sqq.
931 3193 979 3260 ed.
1003 3193 1194 3279 Hartel¹)):
1224 3194 1359 3278 promisi

225 3303 334 3384 etiem,
357 3304 385 3369 si
408 3303 555 3369 clarioris
574 3304 674 3369 studii
690 3325 742 3369 me
753 3305 813 3389 pe'r
828 3305 968 3389 gratiam
985 3326 1078 3370 suam
1092 3305 1238 3385 donaret,
1261 3304 1358 3370 offec-

222 3550 345 3624 ψαύσῃς,
363 3555 549 3622 κατακλῶμαι,
566 3546 619 3608 κᾶν
637 3541 693 3624 ipsi
707 3550 744 3624 μή
763 3551 839 3609 θέλω
858 3571 900 3610 σοι
919 3556 1109 3624 apocrisarium.
1145 3556 1187 3609 Ex
1206 3573 1261 3624 qua
1278 3572 1357 3624 para-

220 3639 317 3708 phrasi
336 3640 472 3707 discimus,
491 3656 546 3694 nou
565 3642 672 3696 iurasse
690 3657 721 3696 se
738 3640 846 3710 longius
862 3648 1064 3696 antecessorem
1077 3655 1186 3696 aeream
1198 3641 1289 3710 ollam,
1310 3643 1357 3696 scd

220 3725 393 3780 admonuisse
418 3730 534 3793 testam,
559 3731 590 3780 ut
612 3725 720 3794 longius
744 3727 930 3795 praecederet.
967 3729 1043 3795 Quae
1067 3715 1206 3783 sententia
1230 3719 1358 3783 etiam'in

221 3810 321 3865 Ariani
339 3810 443 3879 fabula,
462 3813 508 3881 qui
525 3813 734 3867 accuratissima
750 3814 902 3870 imitatione
923 3814 1024 3883 pressit
1038 3812 1131 3868 Babrii
1150 3815 1274 3882 vestigia,
1292 3813 1359 3868 insit

219 3912 334 3952 necesse
352 3906 408 3953 est:
438 3913 602 3966 quamquam
619 3898 719 3953 iustam
736 3899 950 3956 emendationem
969 3917 1004 3954 ne
1025 3899 1089 3953 mihi
1109 3899 1217 3968 quidem
1234 3899 1357 3954 inuenire

219 3983 345 4052 contigit.

292 4071 317 4140 l)
336 4070 552 4126 Consentaneum
578 4087 621 4126 me
643 4070 782 4126 indicibus
808 4076 839 4124 nt
857 4071 988 4142 Corporis
1013 4073 1176 4141 scriptorum
1196 4071 1359 4126 ecclesiasti-

219 4172 313 4212 corum
341 4157 381 4211 ita
402 4157 514 4213 aliarum
538 4157 685 4212 editionum
709 4157 845 4226 permulta
869 4157 986 4213 debere:
1013 4158 1086 4226 quod
1111 4158 1165 4212 hoc
1191 4158 1252 4212 loco
1278 4162 1357 4224 grato

217 4243 310 4298 animo
335 4257 522 4299 commemoro.
567 4243 664 4316 Neque
698 4259 733 4302 ex
760 4243 919 4305 Forcellinii
943 4243 1032 4304 lexico
1057 4260 1100 4307 me
1127 4244 1212 4308 multa
1235 4243 1358 4309 hausisse

217 4329 350 4387 diffiteor.
